,product_code,state,timestamp,tick_id,best_bid,best_ask,best_bid_size,best_ask_size,total_bid_depth,total_ask_depth,market_bid_size,market_ask_size,ltp,volume,volume_by_product,datetime
251460,ETH_JPY,RUNNING,2022-02-23T17:55:54.187,37314718.0,306893.0,307149.0,0.2,1.65,4077.2841979,2451.7408757,0.0,0.0,306892.0,13747.9553868,13747.9553868,2022-02-23 17:55:54.187000+00:00
251462,ETH_JPY,RUNNING,2022-02-23T17:55:55.497,37314748.0,306937.0,307202.0,1.58,0.7503775,4088.6107953,2454.9994492,0.0,0.0,306892.0,13747.9553868,13747.9553868,2022-02-23 17:55:55.497000+00:00
251464,ETH_JPY,RUNNING,2022-02-23T17:55:57.263,37314803.0,307231.0,307333.0,8.9968527,0.2,4090.0627953,2443.5850717,0.0,0.0,307202.0,13748.6957643,13748.6957643,2022-02-23 17:55:57.263000+00:00
251467,ETH_JPY,RUNNING,2022-02-23T17:55:58.793,37314843.0,307004.0,307254.0,0.2,1.56,4076.7159426,2454.4399849,0.0,0.0,307234.0,13745.5926143,13745.5926143,2022-02-23 17:55:58.793000+00:00
251468,ETH_JPY,RUNNING,2022-02-23T17:55:59.983,37314865.0,307004.0,307254.0,0.2,1.56,4074.3311126,2466.4154087,0.0,0.0,307234.0,13745.5926143,13745.5926143,2022-02-23 17:55:59.983000+00:00
251470,ETH_JPY,RUNNING,2022-02-23T17:56:03.147,37314942.0,306888.0,307177.0,0.61,1.12,4068.4849426,2469.9199058,0.0,0.0,307254.0,13745.6926143,13745.6926143,2022-02-23 17:56:03.147000+00:00
251472,ETH_JPY,RUNNING,2022-02-23T17:56:04.643,37314988.0,306888.0,307126.0,0.01,0.2,4074.5999426,2470.7849011,0.0,0.0,307254.0,13745.6926143,13745.6926143,2022-02-23 17:56:04.643000+00:00
251475,ETH_JPY,RUNNING,2022-02-23T17:56:06.053,37315013.0,306891.0,306947.0,1.09,0.2,4076.1139426,2458.9834021,0.0,0.0,306891.0,13745.7026143,13745.7026143,2022-02-23 17:56:06.053000+00:00
251476,ETH_JPY,RUNNING,2022-02-23T17:56:07.67,37315052.0,306913.0,307188.0,1.62,0.2,4084.3549426,2448.6684982,0.0,0.0,306947.0,13745.8926143,13745.8926143,2022-02-23 17:56:07.670000+00:00
251479,ETH_JPY,RUNNING,2022-02-23T17:56:08.747,37315076.0,306988.0,307325.0,0.2,1.58,4087.6169426,2450.4157209,0.0,0.0,306947.0,13745.8926143,13745.8926143,2022-02-23 17:56:08.747000+00:00
251480,ETH_JPY,RUNNING,2022-02-23T17:56:42.22,37315501.0,307210.0,307437.0,0.22,0.2,4092.2940112,2462.9901558,0.0,0.0,307444.0,13744.6226143,13744.6226143,2022-02-23 17:56:42.220000+00:00
251483,ETH_JPY,RUNNING,2022-02-23T17:56:44.587,37315538.0,307210.0,307437.0,0.82,0.2,4092.4819258,2463.5901558,0.0,0.0,307444.0,13744.6226143,13744.6226143,2022-02-23 17:56:44.587000+00:00
251485,ETH_JPY,RUNNING,2022-02-23T17:56:45.98,37315557.0,307210.0,307437.0,0.82,0.2,4099.1669258,2458.2751585,0.0,0.0,307444.0,13744.6226143,13744.6226143,2022-02-23 17:56:45.980000+00:00
251486,ETH_JPY,RUNNING,2022-02-23T17:56:47.467,37315602.0,307210.0,307364.0,0.22,1.55,4082.5337558,2458.8188247,0.0,0.0,307444.0,13744.4726143,13744.4726143,2022-02-23 17:56:47.467000+00:00
251488,ETH_JPY,RUNNING,2022-02-23T17:56:48.85,37315645.0,307066.0,307133.0,1.1201907,0.5294225,4073.4950885,2466.0631748,0.0,0.0,307133.0,13744.7026143,13744.7026143,2022-02-23 17:56:48.850000+00:00
251490,ETH_JPY,RUNNING,2022-02-23T17:56:50.28,37315696.0,306892.0,307157.0,6.0,1.6,4080.8725651,2464.9134955,0.0,0.0,307066.0,13745.812805,13745.812805,2022-02-23 17:56:50.280000+00:00
251493,ETH_JPY,RUNNING,2022-02-23T17:56:51.467,37315713.0,306892.0,307156.0,7.0773942,0.2,4081.7072145,2465.1234955,0.0,0.0,307066.0,13745.812805,13745.812805,2022-02-23 17:56:51.467000+00:00
251495,ETH_JPY,RUNNING,2022-02-23T17:56:53.05,37315742.0,307000.0,307156.0,0.4109,0.8,4082.7536947,2473.1734447,0.0,0.0,307066.0,13745.812805,13745.812805,2022-02-23 17:56:53.050000+00:00
251496,ETH_JPY,RUNNING,2022-02-23T17:56:54.473,37315761.0,307000.0,307157.0,0.4109,1.6,4082.723195,2469.3088589,0.0,0.0,307066.0,13745.812805,13745.812805,2022-02-23 17:56:54.473000+00:00
251499,ETH_JPY,RUNNING,2022-02-23T17:56:56.42,37315785.0,307000.0,307157.0,0.4109,1.6,4082.940195,2460.3588616,0.0,0.0,307066.0,13745.812805,13745.812805,2022-02-23 17:56:56.420000+00:00
251500,ETH_JPY,RUNNING,2022-02-23T17:56:57.467,37315807.0,306892.0,307079.0,1.0773942,1.64,4069.274295,2472.5688589,0.0,0.0,307000.0,13746.223705,13746.223705,2022-02-23 17:56:57.467000+00:00
251502,ETH_JPY,RUNNING,2022-02-23T17:56:58.907,37315853.0,306892.0,307078.0,1.0773942,0.2,4074.5709593,2472.5898589,0.0,0.0,307000.0,13746.223705,13746.223705,2022-02-23 17:56:58.907000+00:00
251504,ETH_JPY,RUNNING,2022-02-23T17:56:59.887,37315882.0,306892.0,307029.0,1.0773942,1.2,4075.0769593,2471.4850303,0.0,0.0,307000.0,13746.223705,13746.223705,2022-02-23 17:56:59.887000+00:00
251506,ETH_JPY,RUNNING,2022-02-23T17:57:01.443,37315921.0,306891.0,307029.0,1.09,1.09,4073.4805665,2470.895528,0.0,0.0,307029.0,13747.1780843,13747.1780843,2022-02-23 17:57:01.443000+00:00
251509,ETH_JPY,RUNNING,2022-02-23T17:57:03.227,37315947.0,306900.0,307029.0,0.078,1.09,4074.9090707,2471.495528,0.0,0.0,307029.0,13747.1780843,13747.1780843,2022-02-23 17:57:03.227000+00:00
251511,ETH_JPY,RUNNING,2022-02-23T17:58:39.06,37317717.0,307212.0,307414.0,0.4,1.61,4072.7425744,2457.2185062,0.0,0.0,307414.0,13772.8230493,13772.8230493,2022-02-23 17:58:39.060000+00:00
251512,ETH_JPY,RUNNING,2022-02-23T17:58:40.037,37317733.0,307212.0,307400.0,0.4,1.09,4070.1071551,2470.2840855,0.0,0.0,307414.0,13772.8130493,13772.8130493,2022-02-23 17:58:40.037000+00:00
251514,ETH_JPY,RUNNING,2022-02-23T17:58:41.52,37317766.0,307170.0,307347.0,0.2,1.64,4069.4321551,2470.7100855,0.0,0.0,307414.0,13772.8130493,13772.8130493,2022-02-23 17:58:41.520000+00:00
251517,ETH_JPY,RUNNING,2022-02-23T17:58:42.983,37317786.0,307170.0,307347.0,0.2,2.24,4070.0779075,2460.6094251,0.0,0.0,307414.0,13772.8130493,13772.8130493,2022-02-23 17:58:42.983000+00:00
251518,ETH_JPY,RUNNING,2022-02-23T17:58:43.29,37317789.0,307170.0,307347.0,0.2,2.24,4070.0779075,2472.6094224,0.0,0.0,307414.0,13772.8130493,13772.8130493,2022-02-23 17:58:43.290000+00:00
251520,ETH_JPY,RUNNING,2022-02-23T17:58:45.537,37317842.0,307169.0,307276.0,9e-05,1.3,4060.6188941,2474.2350855,0.0,0.0,307169.0,13773.7625493,13773.7625493,2022-02-23 17:58:45.537000+00:00
251522,ETH_JPY,RUNNING,2022-02-23T17:58:46.167,37317858.0,307169.0,307276.0,9e-05,1.31,4059.2568763,2462.3449417,0.0,0.0,307169.0,13773.7625493,13773.7625493,2022-02-23 17:58:46.167000+00:00
251524,ETH_JPY,RUNNING,2022-02-23T17:58:47.487,37317888.0,307169.0,307247.0,9e-05,0.01,4067.6638763,2474.4654303,0.0,0.0,307169.0,13773.7625493,13773.7625493,2022-02-23 17:58:47.487000+00:00
251527,ETH_JPY,RUNNING,2022-02-23T17:58:49.193,37317935.0,306901.0,307170.0,1.04,1.54,4059.5608958,2461.9387905,0.0,0.0,306901.0,13776.2725493,13776.2725493,2022-02-23 17:58:49.193000+00:00
251529,ETH_JPY,RUNNING,2022-02-23T17:58:50.447,37317986.0,306781.0,307022.0,0.7505324,1.65,4053.6890975,2474.7521969,0.0,0.0,306901.0,13776.2725493,13776.2725493,2022-02-23 17:58:50.447000+00:00
251530,ETH_JPY,RUNNING,2022-02-23T17:58:51.143,37318006.0,306781.0,307021.0,0.7505324,0.2,4061.9525827,2474.6901969,0.0,0.0,306901.0,13776.2625493,13776.2625493,2022-02-23 17:58:51.143000+00:00
251533,ETH_JPY,RUNNING,2022-02-23T17:58:52.483,37318035.0,306828.0,307069.0,1.57,0.2,4057.2550975,2466.3551969,0.0,0.0,306901.0,13776.2625493,13776.2625493,2022-02-23 17:58:52.483000+00:00
251534,ETH_JPY,RUNNING,2022-02-23T17:58:53.287,37318054.0,306828.0,307068.0,1.57,0.2,4064.5400975,2472.3401969,0.0,0.0,306901.0,13776.2625493,13776.2625493,2022-02-23 17:58:53.287000+00:00
251536,ETH_JPY,RUNNING,2022-02-23T17:58:55.3,37318086.0,306828.0,307068.0,1.57,0.2,4064.5402658,2471.1944463,0.0,0.0,306901.0,13776.2625493,13776.2625493,2022-02-23 17:58:55.300000+00:00
251538,ETH_JPY,RUNNING,2022-02-23T17:58:56.083,37318094.0,306828.0,307068.0,1.57,0.2,4057.8550975,2459.194449,0.0,0.0,306901.0,13776.2625493,13776.2625493,2022-02-23 17:58:56.083000+00:00
251540,ETH_JPY,RUNNING,2022-02-23T17:59:50.18,37318709.0,307062.0,307194.0,0.2,0.2,4071.5731554,2462.5947349,0.0,0.0,307308.0,13776.8125283,13776.8125283,2022-02-23 17:59:50.180000+00:00
251542,ETH_JPY,RUNNING,2022-02-23T17:59:51.55,37318733.0,307062.0,307194.0,0.2,0.2,4071.3950975,2474.6047322,0.0,0.0,307308.0,13776.8125283,13776.8125283,2022-02-23 17:59:51.550000+00:00
251544,ETH_JPY,RUNNING,2022-02-23T17:59:52.063,37318741.0,307062.0,307194.0,0.2,0.2,4071.3950975,2474.6047322,0.0,0.0,307308.0,13776.8125283,13776.8125283,2022-02-23 17:59:52.063000+00:00
251546,ETH_JPY,RUNNING,2022-02-23T17:59:53.583,37318770.0,307036.0,307242.0,0.6,0.19,4066.0400975,2461.5157349,0.0,0.0,307194.0,13776.8225283,13776.8225283,2022-02-23 17:59:53.583000+00:00
251547,ETH_JPY,RUNNING,2022-02-23T17:59:53.583,37318770.0,307036.0,307242.0,0.6,0.19,4066.0400975,2461.5157349,0.0,0.0,307194.0,13776.8225283,13776.8225283,2022-02-23 17:59:53.583000+00:00
251550,ETH_JPY,RUNNING,2022-02-23T17:59:55.807,37318807.0,306898.0,307167.0,2.18,0.19,4069.9820975,2464.115399,0.0,0.0,307194.0,13776.8125283,13776.8125283,2022-02-23 17:59:55.807000+00:00
251553,ETH_JPY,RUNNING,2022-02-23T17:59:57.007,37318827.0,306898.0,307167.0,2.18,0.19,4069.7960975,2464.1153988,0.0,0.0,307194.0,13776.5125283,13776.5125283,2022-02-23 17:59:57.007000+00:00
251554,ETH_JPY,RUNNING,2022-02-23T17:59:57.007,37318827.0,306898.0,307167.0,2.18,0.19,4069.7960975,2464.1153988,0.0,0.0,307194.0,13776.5125283,13776.5125283,2022-02-23 17:59:57.007000+00:00
251557,ETH_JPY,RUNNING,2022-02-23T17:59:59.033,37318859.0,306898.0,307167.0,2.18,0.19,4070.0440975,2464.1252313,0.0,0.0,307194.0,13776.5125283,13776.5125283,2022-02-23 17:59:59.033000+00:00
251559,ETH_JPY,RUNNING,2022-02-23T17:59:59.72,37318865.0,306898.0,307167.0,2.18,0.19,4070.0440975,2464.1252313,0.0,0.0,307194.0,13776.5125283,13776.5125283,2022-02-23 17:59:59.720000+00:00
251560,ETH_JPY,RUNNING,2022-02-23T17:59:59.72,37318865.0,306898.0,307167.0,2.18,0.19,4070.0440975,2464.1252313,0.0,0.0,307194.0,13776.5125283,13776.5125283,2022-02-23 17:59:59.720000+00:00
251562,ETH_JPY,RUNNING,2022-02-23T18:00:01.01,37318876.0,306910.0,307167.0,1.12,0.19,4070.6270975,2463.0857349,0.0,0.0,307194.0,13776.5125283,13776.5125283,2022-02-23 18:00:01.010000+00:00
251564,ETH_JPY,RUNNING,2022-02-23T18:00:02.56,37318915.0,306892.0,307104.0,0.01,1.56,4059.6250975,2470.3002293,0.0,0.0,307167.0,13776.4025283,13776.4025283,2022-02-23 18:00:02.560000+00:00
251566,ETH_JPY,RUNNING,2022-02-23T18:00:03.48,37318951.0,306892.0,306962.0,0.01,1.62,4060.0250975,2464.813232,0.0,0.0,307167.0,13776.4025283,13776.4025283,2022-02-23 18:00:03.480000+00:00
251568,ETH_JPY,RUNNING,2022-02-23T18:00:04.8,37318979.0,306782.0,306961.0,0.11,0.08,4061.9184331,2470.2278966,0.0,0.0,306961.0,13776.4025283,13776.4025283,2022-02-23 18:00:04.800000+00:00
251570,ETH_JPY,RUNNING,2022-02-23T18:29:04.917,37348311.0,304388.0,304543.0,1.61,4.095,4031.4292885,2463.614173,0.0,0.0,304543.0,13940.7783409,13940.7783409,2022-02-23 18:29:04.917000+00:00
251571,ETH_JPY,RUNNING,2022-02-23T18:29:04.917,37348311.0,304388.0,304543.0,1.61,4.095,4031.4292885,2463.614173,0.0,0.0,304543.0,13940.7783409,13940.7783409,2022-02-23 18:29:04.917000+00:00
251572,ETH_JPY,RUNNING,2022-02-23T18:29:04.917,37348311.0,304388.0,304543.0,1.61,4.095,4031.4292885,2463.614173,0.0,0.0,304543.0,13940.7783409,13940.7783409,2022-02-23 18:29:04.917000+00:00
251576,ETH_JPY,RUNNING,2022-02-23T18:29:06.483,37348366.0,304418.0,304543.0,1.6,0.01,4031.1236309,2474.7245233,0.0,0.0,304543.0,13944.8633409,13944.8633409,2022-02-23 18:29:06.483000+00:00
251577,ETH_JPY,RUNNING,2022-02-23T18:29:06.483,37348366.0,304418.0,304543.0,1.6,0.01,4031.1236309,2474.7245233,0.0,0.0,304543.0,13944.8633409,13944.8633409,2022-02-23 18:29:06.483000+00:00
251578,ETH_JPY,RUNNING,2022-02-23T18:29:06.483,37348366.0,304418.0,304543.0,1.6,0.01,4031.1236309,2474.7245233,0.0,0.0,304543.0,13944.8633409,13944.8633409,2022-02-23 18:29:06.483000+00:00
251582,ETH_JPY,RUNNING,2022-02-23T18:29:06.873,37348376.0,304419.0,304543.0,0.19,0.01,4029.7636309,2476.4084466,0.0,0.0,304543.0,13944.8633409,13944.8633409,2022-02-23 18:29:06.873000+00:00
251583,ETH_JPY,RUNNING,2022-02-23T18:29:06.873,37348376.0,304419.0,304543.0,0.19,0.01,4029.7636309,2476.4084466,0.0,0.0,304543.0,13944.8633409,13944.8633409,2022-02-23 18:29:06.873000+00:00
251584,ETH_JPY,RUNNING,2022-02-23T18:29:06.873,37348376.0,304419.0,304543.0,0.19,0.01,4029.7636309,2476.4084466,0.0,0.0,304543.0,13944.8633409,13944.8633409,2022-02-23 18:29:06.873000+00:00
251588,ETH_JPY,RUNNING,2022-02-23T18:29:07.61,37348393.0,304380.0,304666.0,0.19,0.01,4029.614005,2477.1408599,0.0,0.0,304543.0,13944.8733409,13944.8733409,2022-02-23 18:29:07.610000+00:00
251589,ETH_JPY,RUNNING,2022-02-23T18:29:07.61,37348393.0,304380.0,304666.0,0.19,0.01,4029.614005,2477.1408599,0.0,0.0,304543.0,13944.8733409,13944.8733409,2022-02-23 18:29:07.610000+00:00
251590,ETH_JPY,RUNNING,2022-02-23T18:29:07.61,37348393.0,304380.0,304666.0,0.19,0.01,4029.614005,2477.1408599,0.0,0.0,304543.0,13944.8733409,13944.8733409,2022-02-23 18:29:07.610000+00:00
251598,ETH_JPY,RUNNING,2022-02-23T18:29:09.78,37348417.0,304390.0,304666.0,1.58,0.01,4030.849005,2475.7958599,0.0,0.0,304543.0,13944.8733409,13944.8733409,2022-02-23 18:29:09.780000+00:00
251599,ETH_JPY,RUNNING,2022-02-23T18:29:09.78,37348417.0,304390.0,304666.0,1.58,0.01,4030.849005,2475.7958599,0.0,0.0,304543.0,13944.8733409,13944.8733409,2022-02-23 18:29:09.780000+00:00
251597,ETH_JPY,RUNNING,2022-02-23T18:29:09.78,37348417.0,304390.0,304666.0,1.58,0.01,4030.849005,2475.7958599,0.0,0.0,304543.0,13944.8733409,13944.8733409,2022-02-23 18:29:09.780000+00:00
251600,ETH_JPY,RUNNING,2022-02-23T18:29:09.827,37348419.0,304391.0,304666.0,0.19,0.01,4030.989005,2475.7958599,0.0,0.0,304543.0,13944.8733409,13944.8733409,2022-02-23 18:29:09.827000+00:00
251601,ETH_JPY,RUNNING,2022-02-23T18:29:09.827,37348419.0,304391.0,304666.0,0.19,0.01,4030.989005,2475.7958599,0.0,0.0,304543.0,13944.8733409,13944.8733409,2022-02-23 18:29:09.827000+00:00
251602,ETH_JPY,RUNNING,2022-02-23T18:29:09.827,37348419.0,304391.0,304666.0,0.19,0.01,4030.989005,2475.7958599,0.0,0.0,304543.0,13944.8733409,13944.8733409,2022-02-23 18:29:09.827000+00:00
251606,ETH_JPY,RUNNING,2022-02-23T18:29:10.967,37348435.0,304391.0,304666.0,0.19,0.01,4031.106672,2476.9948599,0.0,0.0,304543.0,13944.8733409,13944.8733409,2022-02-23 18:29:10.967000+00:00
251607,ETH_JPY,RUNNING,2022-02-23T18:29:10.967,37348435.0,304391.0,304666.0,0.19,0.01,4031.106672,2476.9948599,0.0,0.0,304543.0,13944.8733409,13944.8733409,2022-02-23 18:29:10.967000+00:00
251608,ETH_JPY,RUNNING,2022-02-23T18:29:10.967,37348435.0,304391.0,304666.0,0.19,0.01,4031.106672,2476.9948599,0.0,0.0,304543.0,13944.8733409,13944.8733409,2022-02-23 18:29:10.967000+00:00
251612,ETH_JPY,RUNNING,2022-02-23T18:29:12.753,37348470.0,304379.0,304602.0,6.685,0.01,4029.7209922,2480.006658,0.0,0.0,304543.0,13944.8733409,13944.8733409,2022-02-23 18:29:12.753000+00:00
251613,ETH_JPY,RUNNING,2022-02-23T18:29:12.753,37348470.0,304379.0,304602.0,6.685,0.01,4029.7209922,2480.006658,0.0,0.0,304543.0,13944.8733409,13944.8733409,2022-02-23 18:29:12.753000+00:00
251614,ETH_JPY,RUNNING,2022-02-23T18:29:12.753,37348470.0,304379.0,304602.0,6.685,0.01,4029.7209922,2480.006658,0.0,0.0,304543.0,13944.8733409,13944.8733409,2022-02-23 18:29:12.753000+00:00
251615,ETH_JPY,RUNNING,2022-02-23T18:29:13.02,37348480.0,304380.0,304602.0,0.19,0.01,4029.874005,2490.1648599,0.0,0.0,304543.0,13944.8733409,13944.8733409,2022-02-23 18:29:13.020000+00:00
251616,ETH_JPY,RUNNING,2022-02-23T18:29:13.02,37348480.0,304380.0,304602.0,0.19,0.01,4029.874005,2490.1648599,0.0,0.0,304543.0,13944.8733409,13944.8733409,2022-02-23 18:29:13.020000+00:00
251617,ETH_JPY,RUNNING,2022-02-23T18:29:13.02,37348480.0,304380.0,304602.0,0.19,0.01,4029.874005,2490.1648599,0.0,0.0,304543.0,13944.8733409,13944.8733409,2022-02-23 18:29:13.020000+00:00
251625,ETH_JPY,RUNNING,2022-02-23T18:29:14.633,37348520.0,304306.0,304379.0,0.01,1.0683154,4018.306005,2496.1661753,0.0,0.0,304379.0,13945.8543739,13945.8543739,2022-02-23 18:29:14.633000+00:00
251626,ETH_JPY,RUNNING,2022-02-23T18:29:14.633,37348520.0,304306.0,304379.0,0.01,1.0683154,4018.306005,2496.1661753,0.0,0.0,304379.0,13945.8543739,13945.8543739,2022-02-23 18:29:14.633000+00:00
251624,ETH_JPY,RUNNING,2022-02-23T18:29:14.633,37348520.0,304306.0,304379.0,0.01,1.0683154,4018.306005,2496.1661753,0.0,0.0,304379.0,13945.8543739,13945.8543739,2022-02-23 18:29:14.633000+00:00
251630,ETH_JPY,RUNNING,2022-02-23T18:29:15.577,37348551.0,304306.0,304458.0,0.01,1.54,4013.8522391,2487.3145233,0.0,0.0,304313.0,13950.6800255,13950.6800255,2022-02-23 18:29:15.577000+00:00
251631,ETH_JPY,RUNNING,2022-02-23T18:29:15.577,37348551.0,304306.0,304458.0,0.01,1.54,4013.8522391,2487.3145233,0.0,0.0,304313.0,13950.6800255,13950.6800255,2022-02-23 18:29:15.577000+00:00
251632,ETH_JPY,RUNNING,2022-02-23T18:29:15.577,37348551.0,304306.0,304458.0,0.01,1.54,4013.8522391,2487.3145233,0.0,0.0,304313.0,13950.6800255,13950.6800255,2022-02-23 18:29:15.577000+00:00
251633,ETH_JPY,RUNNING,2022-02-23T18:29:15.577,37348551.0,304306.0,304458.0,0.01,1.54,4013.8522391,2487.3145233,0.0,0.0,304313.0,13950.6800255,13950.6800255,2022-02-23 18:29:15.577000+00:00
251634,ETH_JPY,RUNNING,2022-02-23T18:29:15.577,37348551.0,304306.0,304458.0,0.01,1.54,4013.8522391,2487.3145233,0.0,0.0,304313.0,13950.6800255,13950.6800255,2022-02-23 18:29:15.577000+00:00
251635,ETH_JPY,RUNNING,2022-02-23T18:29:15.577,37348551.0,304306.0,304458.0,0.01,1.54,4013.8522391,2487.3145233,0.0,0.0,304313.0,13950.6800255,13950.6800255,2022-02-23 18:29:15.577000+00:00
251643,ETH_JPY,RUNNING,2022-02-23T18:29:17.657,37348585.0,304306.0,304457.0,0.01,0.19,4020.6641625,2487.4205233,0.0,0.0,304457.0,13950.6800255,13950.6800255,2022-02-23 18:29:17.657000+00:00
251642,ETH_JPY,RUNNING,2022-02-23T18:29:17.657,37348585.0,304306.0,304457.0,0.01,0.19,4020.6641625,2487.4205233,0.0,0.0,304457.0,13950.6800255,13950.6800255,2022-02-23 18:29:17.657000+00:00
251644,ETH_JPY,RUNNING,2022-02-23T18:29:17.657,37348585.0,304306.0,304457.0,0.01,0.19,4020.6641625,2487.4205233,0.0,0.0,304457.0,13950.6800255,13950.6800255,2022-02-23 18:29:17.657000+00:00
251651,ETH_JPY,RUNNING,2022-02-23T18:29:18.803,37348601.0,304306.0,304457.0,0.01,0.19,4020.8010095,2487.6067291,0.0,0.0,304457.0,13950.6800255,13950.6800255,2022-02-23 18:29:18.803000+00:00
251652,ETH_JPY,RUNNING,2022-02-23T18:29:18.803,37348601.0,304306.0,304457.0,0.01,0.19,4020.8010095,2487.6067291,0.0,0.0,304457.0,13950.6800255,13950.6800255,2022-02-23 18:29:18.803000+00:00
251653,ETH_JPY,RUNNING,2022-02-23T18:29:18.803,37348601.0,304306.0,304457.0,0.01,0.19,4020.8010095,2487.6067291,0.0,0.0,304457.0,13950.6800255,13950.6800255,2022-02-23 18:29:18.803000+00:00
251655,ETH_JPY,RUNNING,2022-02-23T18:29:18.927,37348604.0,304306.0,304457.0,0.01,0.19,4014.7050095,2480.9217291,0.0,0.0,304457.0,13950.6800255,13950.6800255,2022-02-23 18:29:18.927000+00:00
251656,ETH_JPY,RUNNING,2022-02-23T18:29:18.927,37348604.0,304306.0,304457.0,0.01,0.19,4014.7050095,2480.9217291,0.0,0.0,304457.0,13950.6800255,13950.6800255,2022-02-23 18:29:18.927000+00:00
251654,ETH_JPY,RUNNING,2022-02-23T18:29:18.927,37348604.0,304306.0,304457.0,0.01,0.19,4014.7050095,2480.9217291,0.0,0.0,304457.0,13950.6800255,13950.6800255,2022-02-23 18:29:18.927000+00:00
251662,ETH_JPY,RUNNING,2022-02-23T18:29:20.127,37348624.0,304306.0,304456.0,0.01,0.031,4014.0091691,2468.7545233,0.0,0.0,304457.0,13950.6800255,13950.6800255,2022-02-23 18:29:20.127000+00:00
251661,ETH_JPY,RUNNING,2022-02-23T18:29:20.127,37348624.0,304306.0,304456.0,0.01,0.031,4014.0091691,2468.7545233,0.0,0.0,304457.0,13950.6800255,13950.6800255,2022-02-23 18:29:20.127000+00:00
251660,ETH_JPY,RUNNING,2022-02-23T18:29:20.127,37348624.0,304306.0,304456.0,0.01,0.031,4014.0091691,2468.7545233,0.0,0.0,304457.0,13950.6800255,13950.6800255,2022-02-23 18:29:20.127000+00:00
251666,ETH_JPY,RUNNING,2022-02-23T18:29:21.15,37348664.0,304242.0,304367.0,0.02,1.07,4011.0025742,2487.5646035,0.0,0.0,304244.0,13950.7000255,13950.7000255,2022-02-23 18:29:21.150000+00:00
251667,ETH_JPY,RUNNING,2022-02-23T18:29:21.15,37348664.0,304242.0,304367.0,0.02,1.07,4011.0025742,2487.5646035,0.0,0.0,304244.0,13950.7000255,13950.7000255,2022-02-23 18:29:21.150000+00:00
251668,ETH_JPY,RUNNING,2022-02-23T18:29:21.15,37348664.0,304242.0,304367.0,0.02,1.07,4011.0025742,2487.5646035,0.0,0.0,304244.0,13950.7000255,13950.7000255,2022-02-23 18:29:21.150000+00:00
251675,ETH_JPY,RUNNING,2022-02-23T18:29:22.693,37348703.0,303999.0,304287.0,0.01,0.19,4020.1395351,2475.3175233,0.0,0.0,304242.0,13950.7200255,13950.7200255,2022-02-23 18:29:22.693000+00:00
251676,ETH_JPY,RUNNING,2022-02-23T18:29:22.693,37348703.0,303999.0,304287.0,0.01,0.19,4020.1395351,2475.3175233,0.0,0.0,304242.0,13950.7200255,13950.7200255,2022-02-23 18:29:22.693000+00:00
251677,ETH_JPY,RUNNING,2022-02-23T18:29:22.693,37348703.0,303999.0,304287.0,0.01,0.19,4020.1395351,2475.3175233,0.0,0.0,304242.0,13950.7200255,13950.7200255,2022-02-23 18:29:22.693000+00:00
251678,ETH_JPY,RUNNING,2022-02-23T18:29:22.693,37348703.0,303999.0,304287.0,0.01,0.19,4020.1395351,2475.3175233,0.0,0.0,304242.0,13950.7200255,13950.7200255,2022-02-23 18:29:22.693000+00:00
251679,ETH_JPY,RUNNING,2022-02-23T18:29:22.693,37348703.0,303999.0,304287.0,0.01,0.19,4020.1395351,2475.3175233,0.0,0.0,304242.0,13950.7200255,13950.7200255,2022-02-23 18:29:22.693000+00:00
251680,ETH_JPY,RUNNING,2022-02-23T18:29:22.693,37348703.0,303999.0,304287.0,0.01,0.19,4020.1395351,2475.3175233,0.0,0.0,304242.0,13950.7200255,13950.7200255,2022-02-23 18:29:22.693000+00:00
251687,ETH_JPY,RUNNING,2022-02-23T18:29:24.517,37348736.0,304122.0,304287.0,0.55,0.19,4021.1643801,2472.7649398,0.0,0.0,304242.0,13950.7200255,13950.7200255,2022-02-23 18:29:24.517000+00:00
251688,ETH_JPY,RUNNING,2022-02-23T18:29:24.517,37348736.0,304122.0,304287.0,0.55,0.19,4021.1643801,2472.7649398,0.0,0.0,304242.0,13950.7200255,13950.7200255,2022-02-23 18:29:24.517000+00:00
251689,ETH_JPY,RUNNING,2022-02-23T18:29:24.517,37348736.0,304122.0,304287.0,0.55,0.19,4021.1643801,2472.7649398,0.0,0.0,304242.0,13950.7200255,13950.7200255,2022-02-23 18:29:24.517000+00:00
251691,ETH_JPY,RUNNING,2022-02-23T18:29:24.973,37348746.0,304122.0,304378.0,0.55,0.19,4021.8343801,2472.5789398,0.0,0.0,304242.0,13950.7200255,13950.7200255,2022-02-23 18:29:24.973000+00:00
251692,ETH_JPY,RUNNING,2022-02-23T18:29:24.973,37348746.0,304122.0,304378.0,0.55,0.19,4021.8343801,2472.5789398,0.0,0.0,304242.0,13950.7200255,13950.7200255,2022-02-23 18:29:24.973000+00:00
251690,ETH_JPY,RUNNING,2022-02-23T18:29:24.973,37348746.0,304122.0,304378.0,0.55,0.19,4021.8343801,2472.5789398,0.0,0.0,304242.0,13950.7200255,13950.7200255,2022-02-23 18:29:24.973000+00:00
251699,ETH_JPY,RUNNING,2022-02-23T18:29:26.777,37348780.0,304122.0,304379.0,0.55,0.19,4021.1738606,2471.3763401,0.0,0.0,304242.0,13950.7200255,13950.7200255,2022-02-23 18:29:26.777000+00:00
251700,ETH_JPY,RUNNING,2022-02-23T18:29:26.777,37348780.0,304122.0,304379.0,0.55,0.19,4021.1738606,2471.3763401,0.0,0.0,304242.0,13950.7200255,13950.7200255,2022-02-23 18:29:26.777000+00:00
251701,ETH_JPY,RUNNING,2022-02-23T18:29:26.777,37348780.0,304122.0,304379.0,0.55,0.19,4021.1738606,2471.3763401,0.0,0.0,304242.0,13950.7200255,13950.7200255,2022-02-23 18:29:26.777000+00:00
251702,ETH_JPY,RUNNING,2022-02-23T18:29:26.793,37348781.0,304122.0,304379.0,0.55,0.19,4021.2238606,2471.3763401,0.0,0.0,304242.0,13950.7200255,13950.7200255,2022-02-23 18:29:26.793000+00:00
251703,ETH_JPY,RUNNING,2022-02-23T18:29:26.793,37348781.0,304122.0,304379.0,0.55,0.19,4021.2238606,2471.3763401,0.0,0.0,304242.0,13950.7200255,13950.7200255,2022-02-23 18:29:26.793000+00:00
251704,ETH_JPY,RUNNING,2022-02-23T18:29:26.793,37348781.0,304122.0,304379.0,0.55,0.19,4021.2238606,2471.3763401,0.0,0.0,304242.0,13950.7200255,13950.7200255,2022-02-23 18:29:26.793000+00:00
251709,ETH_JPY,RUNNING,2022-02-23T18:29:28.453,37348784.0,304122.0,304379.0,0.55,0.19,4022.8038606,2463.5813401,0.0,0.0,304242.0,13950.7200255,13950.7200255,2022-02-23 18:29:28.453000+00:00
251708,ETH_JPY,RUNNING,2022-02-23T18:29:28.453,37348784.0,304122.0,304379.0,0.55,0.19,4022.8038606,2463.5813401,0.0,0.0,304242.0,13950.7200255,13950.7200255,2022-02-23 18:29:28.453000+00:00
251710,ETH_JPY,RUNNING,2022-02-23T18:29:28.453,37348784.0,304122.0,304379.0,0.55,0.19,4022.8038606,2463.5813401,0.0,0.0,304242.0,13950.7200255,13950.7200255,2022-02-23 18:29:28.453000+00:00
251717,ETH_JPY,RUNNING,2022-02-23T18:29:29.76,37348805.0,304138.0,304364.0,0.01,0.2,4024.2818177,2463.8234947,0.0,0.0,304379.0,13950.7200255,13950.7200255,2022-02-23 18:29:29.760000+00:00
251718,ETH_JPY,RUNNING,2022-02-23T18:29:29.76,37348805.0,304138.0,304364.0,0.01,0.2,4024.2818177,2463.8234947,0.0,0.0,304379.0,13950.7200255,13950.7200255,2022-02-23 18:29:29.760000+00:00
251719,ETH_JPY,RUNNING,2022-02-23T18:29:29.76,37348805.0,304138.0,304364.0,0.01,0.2,4024.2818177,2463.8234947,0.0,0.0,304379.0,13950.7200255,13950.7200255,2022-02-23 18:29:29.760000+00:00
251721,ETH_JPY,RUNNING,2022-02-23T18:29:30.067,37348812.0,304139.0,304364.0,0.05,0.2,4024.6928177,2464.0034947,0.0,0.0,304379.0,13950.7200255,13950.7200255,2022-02-23 18:29:30.067000+00:00
251722,ETH_JPY,RUNNING,2022-02-23T18:29:30.067,37348812.0,304139.0,304364.0,0.05,0.2,4024.6928177,2464.0034947,0.0,0.0,304379.0,13950.7200255,13950.7200255,2022-02-23 18:29:30.067000+00:00
251720,ETH_JPY,RUNNING,2022-02-23T18:29:30.067,37348812.0,304139.0,304364.0,0.05,0.2,4024.6928177,2464.0034947,0.0,0.0,304379.0,13950.7200255,13950.7200255,2022-02-23 18:29:30.067000+00:00
251731,ETH_JPY,RUNNING,2022-02-23T18:29:31.733,37348855.0,304138.0,304364.0,0.01,0.2,4023.9222391,2485.2615233,0.0,0.0,304379.0,13950.7200255,13950.7200255,2022-02-23 18:29:31.733000+00:00
251730,ETH_JPY,RUNNING,2022-02-23T18:29:31.733,37348855.0,304138.0,304364.0,0.01,0.2,4023.9222391,2485.2615233,0.0,0.0,304379.0,13950.7200255,13950.7200255,2022-02-23 18:29:31.733000+00:00
251729,ETH_JPY,RUNNING,2022-02-23T18:29:31.733,37348855.0,304138.0,304364.0,0.01,0.2,4023.9222391,2485.2615233,0.0,0.0,304379.0,13950.7200255,13950.7200255,2022-02-23 18:29:31.733000+00:00
251732,ETH_JPY,RUNNING,2022-02-23T18:29:32.007,37348861.0,304138.0,304364.0,0.01,0.2,4024.7998521,2485.2515233,0.0,0.0,304379.0,13950.7200255,13950.7200255,2022-02-23 18:29:32.007000+00:00
251733,ETH_JPY,RUNNING,2022-02-23T18:29:32.007,37348861.0,304138.0,304364.0,0.01,0.2,4024.7998521,2485.2515233,0.0,0.0,304379.0,13950.7200255,13950.7200255,2022-02-23 18:29:32.007000+00:00
251734,ETH_JPY,RUNNING,2022-02-23T18:29:32.007,37348861.0,304138.0,304364.0,0.01,0.2,4024.7998521,2485.2515233,0.0,0.0,304379.0,13950.7200255,13950.7200255,2022-02-23 18:29:32.007000+00:00
251741,ETH_JPY,RUNNING,2022-02-23T18:29:33.69,37348883.0,304138.0,304364.0,0.01,0.75,4018.2148521,2486.0024847,0.0,0.0,304379.0,13950.7200255,13950.7200255,2022-02-23 18:29:33.690000+00:00
251742,ETH_JPY,RUNNING,2022-02-23T18:29:33.69,37348883.0,304138.0,304364.0,0.01,0.75,4018.2148521,2486.0024847,0.0,0.0,304379.0,13950.7200255,13950.7200255,2022-02-23 18:29:33.690000+00:00
251743,ETH_JPY,RUNNING,2022-02-23T18:29:33.69,37348883.0,304138.0,304364.0,0.01,0.75,4018.2148521,2486.0024847,0.0,0.0,304379.0,13950.7200255,13950.7200255,2022-02-23 18:29:33.690000+00:00
251744,ETH_JPY,RUNNING,2022-02-23T18:29:34.707,37348896.0,304138.0,304308.0,0.01,1.56,4024.3498521,2476.7024847,0.0,0.0,304379.0,13950.7200255,13950.7200255,2022-02-23 18:29:34.707000+00:00
251745,ETH_JPY,RUNNING,2022-02-23T18:29:34.707,37348896.0,304138.0,304308.0,0.01,1.56,4024.3498521,2476.7024847,0.0,0.0,304379.0,13950.7200255,13950.7200255,2022-02-23 18:29:34.707000+00:00
251746,ETH_JPY,RUNNING,2022-02-23T18:29:34.707,37348896.0,304138.0,304308.0,0.01,1.56,4024.3498521,2476.7024847,0.0,0.0,304379.0,13950.7200255,13950.7200255,2022-02-23 18:29:34.707000+00:00
251753,ETH_JPY,RUNNING,2022-02-23T18:29:35.76,37348929.0,304138.0,304307.0,0.01,0.18,4015.6005741,2488.8710293,0.0,0.0,304379.0,13950.7100255,13950.7100255,2022-02-23 18:29:35.760000+00:00
251754,ETH_JPY,RUNNING,2022-02-23T18:29:35.76,37348929.0,304138.0,304307.0,0.01,0.18,4015.6005741,2488.8710293,0.0,0.0,304379.0,13950.7100255,13950.7100255,2022-02-23 18:29:35.760000+00:00
251755,ETH_JPY,RUNNING,2022-02-23T18:29:35.76,37348929.0,304138.0,304307.0,0.01,0.18,4015.6005741,2488.8710293,0.0,0.0,304379.0,13950.7100255,13950.7100255,2022-02-23 18:29:35.760000+00:00
251758,ETH_JPY,RUNNING,2022-02-23T18:29:36.113,37348935.0,304138.0,304307.0,0.01,0.18,4016.3578701,2488.5695233,0.0,0.0,304379.0,13950.7100255,13950.7100255,2022-02-23 18:29:36.113000+00:00
251757,ETH_JPY,RUNNING,2022-02-23T18:29:36.113,37348935.0,304138.0,304307.0,0.01,0.18,4016.3578701,2488.5695233,0.0,0.0,304379.0,13950.7100255,13950.7100255,2022-02-23 18:29:36.113000+00:00
251756,ETH_JPY,RUNNING,2022-02-23T18:29:36.113,37348935.0,304138.0,304307.0,0.01,0.18,4016.3578701,2488.5695233,0.0,0.0,304379.0,13950.7100255,13950.7100255,2022-02-23 18:29:36.113000+00:00
251765,ETH_JPY,RUNNING,2022-02-23T18:29:37.78,37348968.0,304138.0,304245.0,0.01,0.18,4022.5323417,2477.8245233,0.0,0.0,304379.0,13950.7100255,13950.7100255,2022-02-23 18:29:37.780000+00:00
251766,ETH_JPY,RUNNING,2022-02-23T18:29:37.78,37348968.0,304138.0,304245.0,0.01,0.18,4022.5323417,2477.8245233,0.0,0.0,304379.0,13950.7100255,13950.7100255,2022-02-23 18:29:37.780000+00:00
251767,ETH_JPY,RUNNING,2022-02-23T18:29:37.78,37348968.0,304138.0,304245.0,0.01,0.18,4022.5323417,2477.8245233,0.0,0.0,304379.0,13950.7100255,13950.7100255,2022-02-23 18:29:37.780000+00:00
251771,ETH_JPY,RUNNING,2022-02-23T18:29:38.41,37348987.0,303970.0,304244.0,0.2,5.95,4022.3123417,2495.4664944,0.0,0.0,303977.0,13951.3000255,13951.3000255,2022-02-23 18:29:38.410000+00:00
251772,ETH_JPY,RUNNING,2022-02-23T18:29:38.41,37348987.0,303970.0,304244.0,0.2,5.95,4022.3123417,2495.4664944,0.0,0.0,303977.0,13951.3000255,13951.3000255,2022-02-23 18:29:38.410000+00:00
251773,ETH_JPY,RUNNING,2022-02-23T18:29:38.41,37348987.0,303970.0,304244.0,0.2,5.95,4022.3123417,2495.4664944,0.0,0.0,303977.0,13951.3000255,13951.3000255,2022-02-23 18:29:38.410000+00:00
251774,ETH_JPY,RUNNING,2022-02-23T18:29:38.907,37349009.0,303857.0,304242.0,0.17,5.95,4020.4423417,2495.1745233,0.0,0.0,303857.0,13953.3100255,13953.3100255,2022-02-23 18:29:38.907000+00:00
251775,ETH_JPY,RUNNING,2022-02-23T18:29:38.907,37349009.0,303857.0,304242.0,0.17,5.95,4020.4423417,2495.1745233,0.0,0.0,303857.0,13953.3100255,13953.3100255,2022-02-23 18:29:38.907000+00:00
251776,ETH_JPY,RUNNING,2022-02-23T18:29:38.907,37349009.0,303857.0,304242.0,0.17,5.95,4020.4423417,2495.1745233,0.0,0.0,303857.0,13953.3100255,13953.3100255,2022-02-23 18:29:38.907000+00:00
251780,ETH_JPY,RUNNING,2022-02-23T18:29:39.82,37349031.0,303832.0,304180.0,0.16,0.18,4021.1335351,2493.5915387,0.0,0.0,303832.0,13953.8600255,13953.8600255,2022-02-23 18:29:39.820000+00:00
251781,ETH_JPY,RUNNING,2022-02-23T18:29:39.82,37349031.0,303832.0,304180.0,0.16,0.18,4021.1335351,2493.5915387,0.0,0.0,303832.0,13953.8600255,13953.8600255,2022-02-23 18:29:39.820000+00:00
251782,ETH_JPY,RUNNING,2022-02-23T18:29:39.82,37349031.0,303832.0,304180.0,0.16,0.18,4021.1335351,2493.5915387,0.0,0.0,303832.0,13953.8600255,13953.8600255,2022-02-23 18:29:39.820000+00:00
251794,ETH_JPY,RUNNING,2022-02-23T18:29:41.623,37349070.0,303832.0,304180.0,0.15,0.17,4020.9335351,2493.2975901,0.0,0.0,304180.0,13953.8800255,13953.8800255,2022-02-23 18:29:41.623000+00:00
251792,ETH_JPY,RUNNING,2022-02-23T18:29:41.623,37349070.0,303832.0,304180.0,0.15,0.17,4020.9335351,2493.2975901,0.0,0.0,304180.0,13953.8800255,13953.8800255,2022-02-23 18:29:41.623000+00:00
251793,ETH_JPY,RUNNING,2022-02-23T18:29:41.623,37349070.0,303832.0,304180.0,0.15,0.17,4020.9335351,2493.2975901,0.0,0.0,304180.0,13953.8800255,13953.8800255,2022-02-23 18:29:41.623000+00:00
251790,ETH_JPY,RUNNING,2022-02-23T18:29:41.623,37349070.0,303832.0,304180.0,0.15,0.17,4020.9335351,2493.2975901,0.0,0.0,304180.0,13953.8800255,13953.8800255,2022-02-23 18:29:41.623000+00:00
251789,ETH_JPY,RUNNING,2022-02-23T18:29:41.623,37349070.0,303832.0,304180.0,0.15,0.17,4020.9335351,2493.2975901,0.0,0.0,304180.0,13953.8800255,13953.8800255,2022-02-23 18:29:41.623000+00:00
251791,ETH_JPY,RUNNING,2022-02-23T18:29:41.623,37349070.0,303832.0,304180.0,0.15,0.17,4020.9335351,2493.2975901,0.0,0.0,304180.0,13953.8800255,13953.8800255,2022-02-23 18:29:41.623000+00:00
251798,ETH_JPY,RUNNING,2022-02-23T18:29:42.787,37349100.0,303730.0,304108.0,6.685,1.61,4019.9041237,2487.352931,0.0,0.0,304180.0,13953.8800255,13953.8800255,2022-02-23 18:29:42.787000+00:00
251799,ETH_JPY,RUNNING,2022-02-23T18:29:42.787,37349100.0,303730.0,304108.0,6.685,1.61,4019.9041237,2487.352931,0.0,0.0,304180.0,13953.8800255,13953.8800255,2022-02-23 18:29:42.787000+00:00
251800,ETH_JPY,RUNNING,2022-02-23T18:29:42.787,37349100.0,303730.0,304108.0,6.685,1.61,4019.9041237,2487.352931,0.0,0.0,304180.0,13953.8800255,13953.8800255,2022-02-23 18:29:42.787000+00:00
251804,ETH_JPY,RUNNING,2022-02-23T18:29:44.163,37349146.0,303688.0,303906.0,0.39,1.65,4008.59067,2476.2432704,0.0,0.0,304180.0,13953.8800255,13953.8800255,2022-02-23 18:29:44.163000+00:00
251805,ETH_JPY,RUNNING,2022-02-23T18:29:44.163,37349146.0,303688.0,303906.0,0.39,1.65,4008.59067,2476.2432704,0.0,0.0,304180.0,13953.8800255,13953.8800255,2022-02-23 18:29:44.163000+00:00
251806,ETH_JPY,RUNNING,2022-02-23T18:29:44.163,37349146.0,303688.0,303906.0,0.39,1.65,4008.59067,2476.2432704,0.0,0.0,304180.0,13953.8800255,13953.8800255,2022-02-23 18:29:44.163000+00:00
251810,ETH_JPY,RUNNING,2022-02-23T18:29:45.213,37349171.0,303688.0,303905.0,0.39,0.17,4018.9837554,2494.0932704,0.0,0.0,304180.0,13953.8800255,13953.8800255,2022-02-23 18:29:45.213000+00:00
251811,ETH_JPY,RUNNING,2022-02-23T18:29:45.213,37349171.0,303688.0,303905.0,0.39,0.17,4018.9837554,2494.0932704,0.0,0.0,304180.0,13953.8800255,13953.8800255,2022-02-23 18:29:45.213000+00:00
251812,ETH_JPY,RUNNING,2022-02-23T18:29:45.213,37349171.0,303688.0,303905.0,0.39,0.17,4018.9837554,2494.0932704,0.0,0.0,304180.0,13953.8800255,13953.8800255,2022-02-23 18:29:45.213000+00:00
251816,ETH_JPY,RUNNING,2022-02-23T18:29:46.363,37349198.0,303689.0,303994.0,0.2,0.232,4022.8927551,2491.2632704,0.0,0.0,303905.0,13954.0500255,13954.0500255,2022-02-23 18:29:46.363000+00:00
251817,ETH_JPY,RUNNING,2022-02-23T18:29:46.363,37349198.0,303689.0,303994.0,0.2,0.232,4022.8927551,2491.2632704,0.0,0.0,303905.0,13954.0500255,13954.0500255,2022-02-23 18:29:46.363000+00:00
251818,ETH_JPY,RUNNING,2022-02-23T18:29:46.363,37349198.0,303689.0,303994.0,0.2,0.232,4022.8927551,2491.2632704,0.0,0.0,303905.0,13954.0500255,13954.0500255,2022-02-23 18:29:46.363000+00:00
251827,ETH_JPY,RUNNING,2022-02-23T18:29:47.66,37349237.0,303689.0,303994.0,0.2,0.17,4017.702752,2484.6900288,0.0,0.0,303905.0,13954.0500255,13954.0500255,2022-02-23 18:29:47.660000+00:00
251826,ETH_JPY,RUNNING,2022-02-23T18:29:47.66,37349237.0,303689.0,303994.0,0.2,0.17,4017.702752,2484.6900288,0.0,0.0,303905.0,13954.0500255,13954.0500255,2022-02-23 18:29:47.660000+00:00
251825,ETH_JPY,RUNNING,2022-02-23T18:29:47.66,37349237.0,303689.0,303994.0,0.2,0.17,4017.702752,2484.6900288,0.0,0.0,303905.0,13954.0500255,13954.0500255,2022-02-23 18:29:47.660000+00:00
251828,ETH_JPY,RUNNING,2022-02-23T18:29:48.4,37349256.0,303690.0,304077.0,0.05,0.279,4026.1133245,2467.7968733,0.0,0.0,303905.0,13954.0500255,13954.0500255,2022-02-23 18:29:48.400000+00:00
251829,ETH_JPY,RUNNING,2022-02-23T18:29:48.4,37349256.0,303690.0,304077.0,0.05,0.279,4026.1133245,2467.7968733,0.0,0.0,303905.0,13954.0500255,13954.0500255,2022-02-23 18:29:48.400000+00:00
251830,ETH_JPY,RUNNING,2022-02-23T18:29:48.4,37349256.0,303690.0,304077.0,0.05,0.279,4026.1133245,2467.7968733,0.0,0.0,303905.0,13954.0500255,13954.0500255,2022-02-23 18:29:48.400000+00:00
251834,ETH_JPY,RUNNING,2022-02-23T18:29:49.78,37349281.0,303693.0,304093.0,0.05,1.65,4024.9312391,2474.2718733,0.0,0.0,303905.0,13954.0400255,13954.0400255,2022-02-23 18:29:49.780000+00:00
251835,ETH_JPY,RUNNING,2022-02-23T18:29:49.78,37349281.0,303693.0,304093.0,0.05,1.65,4024.9312391,2474.2718733,0.0,0.0,303905.0,13954.0400255,13954.0400255,2022-02-23 18:29:49.780000+00:00
251836,ETH_JPY,RUNNING,2022-02-23T18:29:49.78,37349281.0,303693.0,304093.0,0.05,1.65,4024.9312391,2474.2718733,0.0,0.0,303905.0,13954.0400255,13954.0400255,2022-02-23 18:29:49.780000+00:00
251844,ETH_JPY,RUNNING,2022-02-23T18:29:50.887,37349301.0,303713.0,304108.0,0.25,0.55,4025.558822,2476.4538733,0.0,0.0,303905.0,13954.0400255,13954.0400255,2022-02-23 18:29:50.887000+00:00
251843,ETH_JPY,RUNNING,2022-02-23T18:29:50.887,37349301.0,303713.0,304108.0,0.25,0.55,4025.558822,2476.4538733,0.0,0.0,303905.0,13954.0400255,13954.0400255,2022-02-23 18:29:50.887000+00:00
251845,ETH_JPY,RUNNING,2022-02-23T18:29:50.887,37349301.0,303713.0,304108.0,0.25,0.55,4025.558822,2476.4538733,0.0,0.0,303905.0,13954.0400255,13954.0400255,2022-02-23 18:29:50.887000+00:00
251849,ETH_JPY,RUNNING,2022-02-23T18:29:51.483,37349308.0,303714.0,304108.0,0.05,0.55,4025.5901571,2476.9477391,0.0,0.0,303905.0,13954.0400255,13954.0400255,2022-02-23 18:29:51.483000+00:00
251850,ETH_JPY,RUNNING,2022-02-23T18:29:51.483,37349308.0,303714.0,304108.0,0.05,0.55,4025.5901571,2476.9477391,0.0,0.0,303905.0,13954.0400255,13954.0400255,2022-02-23 18:29:51.483000+00:00
251851,ETH_JPY,RUNNING,2022-02-23T18:29:51.483,37349308.0,303714.0,304108.0,0.05,0.55,4025.5901571,2476.9477391,0.0,0.0,303905.0,13954.0400255,13954.0400255,2022-02-23 18:29:51.483000+00:00
251856,ETH_JPY,RUNNING,2022-02-23T18:29:52.757,37349320.0,303714.0,304023.0,0.6,0.19,4026.1349344,2477.3825233,0.0,0.0,303905.0,13954.0400255,13954.0400255,2022-02-23 18:29:52.757000+00:00
251857,ETH_JPY,RUNNING,2022-02-23T18:29:52.757,37349320.0,303714.0,304023.0,0.6,0.19,4026.1349344,2477.3825233,0.0,0.0,303905.0,13954.0400255,13954.0400255,2022-02-23 18:29:52.757000+00:00
251855,ETH_JPY,RUNNING,2022-02-23T18:29:52.757,37349320.0,303714.0,304023.0,0.6,0.19,4026.1349344,2477.3825233,0.0,0.0,303905.0,13954.0400255,13954.0400255,2022-02-23 18:29:52.757000+00:00
251862,ETH_JPY,RUNNING,2022-02-23T18:29:53.637,37349341.0,303715.0,304023.0,0.2,0.19,4018.853822,2478.6218384,0.0,0.0,303905.0,13954.0400255,13954.0400255,2022-02-23 18:29:53.637000+00:00
251863,ETH_JPY,RUNNING,2022-02-23T18:29:53.637,37349341.0,303715.0,304023.0,0.2,0.19,4018.853822,2478.6218384,0.0,0.0,303905.0,13954.0400255,13954.0400255,2022-02-23 18:29:53.637000+00:00
251861,ETH_JPY,RUNNING,2022-02-23T18:29:53.637,37349341.0,303715.0,304023.0,0.2,0.19,4018.853822,2478.6218384,0.0,0.0,303905.0,13954.0400255,13954.0400255,2022-02-23 18:29:53.637000+00:00
251866,ETH_JPY,RUNNING,2022-02-23T18:29:53.77,37349344.0,303715.0,304023.0,0.2,0.19,4017.853822,2478.6218384,0.0,0.0,303905.0,13954.0400255,13954.0400255,2022-02-23 18:29:53.770000+00:00
251864,ETH_JPY,RUNNING,2022-02-23T18:29:53.77,37349344.0,303715.0,304023.0,0.2,0.19,4017.853822,2478.6218384,0.0,0.0,303905.0,13954.0400255,13954.0400255,2022-02-23 18:29:53.770000+00:00
251865,ETH_JPY,RUNNING,2022-02-23T18:29:53.77,37349344.0,303715.0,304023.0,0.2,0.19,4017.853822,2478.6218384,0.0,0.0,303905.0,13954.0400255,13954.0400255,2022-02-23 18:29:53.770000+00:00
251873,ETH_JPY,RUNNING,2022-02-23T18:29:55.74,37349393.0,303715.0,303987.0,0.2,1.62,4020.190822,2491.5915233,0.0,0.0,303905.0,13954.0400255,13954.0400255,2022-02-23 18:29:55.740000+00:00
251874,ETH_JPY,RUNNING,2022-02-23T18:29:55.74,37349393.0,303715.0,303987.0,0.2,1.62,4020.190822,2491.5915233,0.0,0.0,303905.0,13954.0400255,13954.0400255,2022-02-23 18:29:55.740000+00:00
251875,ETH_JPY,RUNNING,2022-02-23T18:29:55.74,37349393.0,303715.0,303987.0,0.2,1.62,4020.190822,2491.5915233,0.0,0.0,303905.0,13954.0400255,13954.0400255,2022-02-23 18:29:55.740000+00:00
251876,ETH_JPY,RUNNING,2022-02-23T18:29:56.2,37349404.0,303715.0,303905.0,0.2,18.17,4023.240822,2509.8045743,0.0,0.0,303905.0,13954.0400255,13954.0400255,2022-02-23 18:29:56.200000+00:00
251877,ETH_JPY,RUNNING,2022-02-23T18:29:56.2,37349404.0,303715.0,303905.0,0.2,18.17,4023.240822,2509.8045743,0.0,0.0,303905.0,13954.0400255,13954.0400255,2022-02-23 18:29:56.200000+00:00
251878,ETH_JPY,RUNNING,2022-02-23T18:29:56.2,37349404.0,303715.0,303905.0,0.2,18.17,4023.240822,2509.8045743,0.0,0.0,303905.0,13954.0400255,13954.0400255,2022-02-23 18:29:56.200000+00:00
251885,ETH_JPY,RUNNING,2022-02-23T18:29:57.827,37349439.0,303715.0,303905.0,0.2,18.1498969,4023.364822,2501.9064202,0.0,0.0,303905.0,13954.0601286,13954.0601286,2022-02-23 18:29:57.827000+00:00
251886,ETH_JPY,RUNNING,2022-02-23T18:29:57.827,37349439.0,303715.0,303905.0,0.2,18.1498969,4023.364822,2501.9064202,0.0,0.0,303905.0,13954.0601286,13954.0601286,2022-02-23 18:29:57.827000+00:00
251887,ETH_JPY,RUNNING,2022-02-23T18:29:57.827,37349439.0,303715.0,303905.0,0.2,18.1498969,4023.364822,2501.9064202,0.0,0.0,303905.0,13954.0601286,13954.0601286,2022-02-23 18:29:57.827000+00:00
251888,ETH_JPY,RUNNING,2022-02-23T18:29:57.827,37349439.0,303715.0,303905.0,0.2,18.1498969,4023.364822,2501.9064202,0.0,0.0,303905.0,13954.0601286,13954.0601286,2022-02-23 18:29:57.827000+00:00
251889,ETH_JPY,RUNNING,2022-02-23T18:29:57.827,37349439.0,303715.0,303905.0,0.2,18.1498969,4023.364822,2501.9064202,0.0,0.0,303905.0,13954.0601286,13954.0601286,2022-02-23 18:29:57.827000+00:00
251890,ETH_JPY,RUNNING,2022-02-23T18:29:57.827,37349439.0,303715.0,303905.0,0.2,18.1498969,4023.364822,2501.9064202,0.0,0.0,303905.0,13954.0601286,13954.0601286,2022-02-23 18:29:57.827000+00:00
251899,ETH_JPY,RUNNING,2022-02-23T18:29:59.747,37349467.0,303715.0,303905.0,0.2,18.1498969,4021.784822,2489.8634202,0.0,0.0,303905.0,13954.0501286,13954.0501286,2022-02-23 18:29:59.747000+00:00
251898,ETH_JPY,RUNNING,2022-02-23T18:29:59.747,37349467.0,303715.0,303905.0,0.2,18.1498969,4021.784822,2489.8634202,0.0,0.0,303905.0,13954.0501286,13954.0501286,2022-02-23 18:29:59.747000+00:00
251897,ETH_JPY,RUNNING,2022-02-23T18:29:59.747,37349467.0,303715.0,303905.0,0.2,18.1498969,4021.784822,2489.8634202,0.0,0.0,303905.0,13954.0501286,13954.0501286,2022-02-23 18:29:59.747000+00:00
251896,ETH_JPY,RUNNING,2022-02-23T18:29:59.747,37349467.0,303715.0,303905.0,0.2,18.1498969,4021.784822,2489.8634202,0.0,0.0,303905.0,13954.0501286,13954.0501286,2022-02-23 18:29:59.747000+00:00
251895,ETH_JPY,RUNNING,2022-02-23T18:29:59.747,37349467.0,303715.0,303905.0,0.2,18.1498969,4021.784822,2489.8634202,0.0,0.0,303905.0,13954.0501286,13954.0501286,2022-02-23 18:29:59.747000+00:00
251894,ETH_JPY,RUNNING,2022-02-23T18:29:59.747,37349467.0,303715.0,303905.0,0.2,18.1498969,4021.784822,2489.8634202,0.0,0.0,303905.0,13954.0501286,13954.0501286,2022-02-23 18:29:59.747000+00:00
251906,ETH_JPY,RUNNING,2022-02-23T18:30:01.07,37349502.0,303715.0,303905.0,0.2,18.0498969,4015.099822,2497.6744202,0.0,0.0,303905.0,13954.1501286,13954.1501286,2022-02-23 18:30:01.070000+00:00
251907,ETH_JPY,RUNNING,2022-02-23T18:30:01.07,37349502.0,303715.0,303905.0,0.2,18.0498969,4015.099822,2497.6744202,0.0,0.0,303905.0,13954.1501286,13954.1501286,2022-02-23 18:30:01.070000+00:00
251908,ETH_JPY,RUNNING,2022-02-23T18:30:01.07,37349502.0,303715.0,303905.0,0.2,18.0498969,4015.099822,2497.6744202,0.0,0.0,303905.0,13954.1501286,13954.1501286,2022-02-23 18:30:01.070000+00:00
251912,ETH_JPY,RUNNING,2022-02-23T18:30:02.373,37349524.0,303715.0,303905.0,0.2,9.69e-05,4016.629822,2478.0046202,0.0,0.0,303905.0,13972.1999286,13972.1999286,2022-02-23 18:30:02.373000+00:00
251913,ETH_JPY,RUNNING,2022-02-23T18:30:02.373,37349524.0,303715.0,303905.0,0.2,9.69e-05,4016.629822,2478.0046202,0.0,0.0,303905.0,13972.1999286,13972.1999286,2022-02-23 18:30:02.373000+00:00
251914,ETH_JPY,RUNNING,2022-02-23T18:30:02.373,37349524.0,303715.0,303905.0,0.2,9.69e-05,4016.629822,2478.0046202,0.0,0.0,303905.0,13972.1999286,13972.1999286,2022-02-23 18:30:02.373000+00:00
251921,ETH_JPY,RUNNING,2022-02-23T18:30:03.573,37349564.0,303717.0,304108.0,0.2,0.55,4031.394822,2466.7186537,0.0,0.0,303905.0,13972.2100255,13972.2100255,2022-02-23 18:30:03.573000+00:00
251922,ETH_JPY,RUNNING,2022-02-23T18:30:03.573,37349564.0,303717.0,304108.0,0.2,0.55,4031.394822,2466.7186537,0.0,0.0,303905.0,13972.2100255,13972.2100255,2022-02-23 18:30:03.573000+00:00
251923,ETH_JPY,RUNNING,2022-02-23T18:30:03.573,37349564.0,303717.0,304108.0,0.2,0.55,4031.394822,2466.7186537,0.0,0.0,303905.0,13972.2100255,13972.2100255,2022-02-23 18:30:03.573000+00:00
251924,ETH_JPY,RUNNING,2022-02-23T18:30:04.773,37349599.0,304181.0,304336.0,1.0790807,6.685,4032.1033198,2468.2725233,0.0,0.0,303905.0,13972.2100255,13972.2100255,2022-02-23 18:30:04.773000+00:00
251925,ETH_JPY,RUNNING,2022-02-23T18:30:04.773,37349599.0,304181.0,304336.0,1.0790807,6.685,4032.1033198,2468.2725233,0.0,0.0,303905.0,13972.2100255,13972.2100255,2022-02-23 18:30:04.773000+00:00
251926,ETH_JPY,RUNNING,2022-02-23T18:30:04.773,37349599.0,304181.0,304336.0,1.0790807,6.685,4032.1033198,2468.2725233,0.0,0.0,303905.0,13972.2100255,13972.2100255,2022-02-23 18:30:04.773000+00:00
251929,ETH_JPY,RUNNING,2022-02-23T18:30:04.913,37349603.0,304181.0,304336.0,1.0790807,6.685,4033.7033198,2469.7925233,0.0,0.0,303905.0,13972.2100255,13972.2100255,2022-02-23 18:30:04.913000+00:00
251928,ETH_JPY,RUNNING,2022-02-23T18:30:04.913,37349603.0,304181.0,304336.0,1.0790807,6.685,4033.7033198,2469.7925233,0.0,0.0,303905.0,13972.2100255,13972.2100255,2022-02-23 18:30:04.913000+00:00
251927,ETH_JPY,RUNNING,2022-02-23T18:30:04.913,37349603.0,304181.0,304336.0,1.0790807,6.685,4033.7033198,2469.7925233,0.0,0.0,303905.0,13972.2100255,13972.2100255,2022-02-23 18:30:04.913000+00:00
251933,ETH_JPY,RUNNING,2022-02-23T18:30:04.973,37349607.0,304181.0,304336.0,0.5291681,6.685,4031.3334072,2463.7925233,0.0,0.0,303905.0,13972.2100255,13972.2100255,2022-02-23 18:30:04.973000+00:00
251938,ETH_JPY,RUNNING,2022-02-23T18:30:04.973,37349607.0,304181.0,304336.0,0.5291681,6.685,4031.3334072,2463.7925233,0.0,0.0,303905.0,13972.2100255,13972.2100255,2022-02-23 18:30:04.973000+00:00
251940,ETH_JPY,RUNNING,2022-02-23T18:30:04.973,37349607.0,304181.0,304336.0,0.5291681,6.685,4031.3334072,2463.7925233,0.0,0.0,303905.0,13972.2100255,13972.2100255,2022-02-23 18:30:04.973000+00:00
251942,ETH_JPY,RUNNING,2022-02-23T18:30:07.783,37349609.0,303993.0,304345.0,0.05,1.62,4030.8042391,2457.1075233,0.0,0.0,303905.0,13972.0200255,13972.0200255,2022-02-23 18:30:07.783000+00:00
251944,ETH_JPY,RUNNING,2022-02-23T18:30:07.783,37349609.0,303993.0,304345.0,0.05,1.62,4030.8042391,2457.1075233,0.0,0.0,303905.0,13972.0200255,13972.0200255,2022-02-23 18:30:07.783000+00:00
251946,ETH_JPY,RUNNING,2022-02-23T18:30:07.783,37349609.0,303993.0,304345.0,0.05,1.62,4030.8042391,2457.1075233,0.0,0.0,303905.0,13972.0200255,13972.0200255,2022-02-23 18:30:07.783000+00:00
251948,ETH_JPY,RUNNING,2022-02-23T18:30:07.893,37349612.0,303782.0,304345.0,0.2,1.62,4030.9642391,2457.1075233,0.0,0.0,303905.0,13972.0200255,13972.0200255,2022-02-23 18:30:07.893000+00:00
251949,ETH_JPY,RUNNING,2022-02-23T18:30:07.893,37349612.0,303782.0,304345.0,0.2,1.62,4030.9642391,2457.1075233,0.0,0.0,303905.0,13972.0200255,13972.0200255,2022-02-23 18:30:07.893000+00:00
251950,ETH_JPY,RUNNING,2022-02-23T18:30:07.893,37349612.0,303782.0,304345.0,0.2,1.62,4030.9642391,2457.1075233,0.0,0.0,303905.0,13972.0200255,13972.0200255,2022-02-23 18:30:07.893000+00:00
251957,ETH_JPY,RUNNING,2022-02-23T18:30:09.267,37349641.0,303940.0,304345.0,0.05,1.62,4023.0215351,2462.8075233,0.0,0.0,303905.0,13972.0200255,13972.0200255,2022-02-23 18:30:09.267000+00:00
251958,ETH_JPY,RUNNING,2022-02-23T18:30:09.267,37349641.0,303940.0,304345.0,0.05,1.62,4023.0215351,2462.8075233,0.0,0.0,303905.0,13972.0200255,13972.0200255,2022-02-23 18:30:09.267000+00:00
251959,ETH_JPY,RUNNING,2022-02-23T18:30:09.267,37349641.0,303940.0,304345.0,0.05,1.62,4023.0215351,2462.8075233,0.0,0.0,303905.0,13972.0200255,13972.0200255,2022-02-23 18:30:09.267000+00:00
251961,ETH_JPY,RUNNING,2022-02-23T18:30:10.77,37349685.0,304019.0,304379.0,0.05,0.75,4029.4649133,2469.8035233,0.0,0.0,304345.0,13973.4770058,13973.4770058,2022-02-23 18:30:10.770000+00:00
251962,ETH_JPY,RUNNING,2022-02-23T18:30:10.77,37349685.0,304019.0,304379.0,0.05,0.75,4029.4649133,2469.8035233,0.0,0.0,304345.0,13973.4770058,13973.4770058,2022-02-23 18:30:10.770000+00:00
251960,ETH_JPY,RUNNING,2022-02-23T18:30:10.77,37349685.0,304019.0,304379.0,0.05,0.75,4029.4649133,2469.8035233,0.0,0.0,304345.0,13973.4770058,13973.4770058,2022-02-23 18:30:10.770000+00:00
251966,ETH_JPY,RUNNING,2022-02-23T18:30:11.777,37349695.0,304019.0,304361.0,0.25,1.08,4029.6149133,2466.2285233,0.0,0.0,304345.0,13973.4770058,13973.4770058,2022-02-23 18:30:11.777000+00:00
251967,ETH_JPY,RUNNING,2022-02-23T18:30:11.777,37349695.0,304019.0,304361.0,0.25,1.08,4029.6149133,2466.2285233,0.0,0.0,304345.0,13973.4770058,13973.4770058,2022-02-23 18:30:11.777000+00:00
251968,ETH_JPY,RUNNING,2022-02-23T18:30:11.777,37349695.0,304019.0,304361.0,0.25,1.08,4029.6149133,2466.2285233,0.0,0.0,304345.0,13973.4770058,13973.4770058,2022-02-23 18:30:11.777000+00:00
251975,ETH_JPY,RUNNING,2022-02-23T18:30:12.653,37349706.0,304019.0,304361.0,0.8,0.55,4030.0034194,2462.5245233,0.0,0.0,304345.0,13973.4770058,13973.4770058,2022-02-23 18:30:12.653000+00:00
251976,ETH_JPY,RUNNING,2022-02-23T18:30:12.653,37349706.0,304019.0,304361.0,0.8,0.55,4030.0034194,2462.5245233,0.0,0.0,304345.0,13973.4770058,13973.4770058,2022-02-23 18:30:12.653000+00:00
251977,ETH_JPY,RUNNING,2022-02-23T18:30:12.653,37349706.0,304019.0,304361.0,0.8,0.55,4030.0034194,2462.5245233,0.0,0.0,304345.0,13973.4770058,13973.4770058,2022-02-23 18:30:12.653000+00:00
251979,ETH_JPY,RUNNING,2022-02-23T18:30:12.837,37349708.0,304020.0,304361.0,0.2,0.55,4030.2034194,2465.5745233,0.0,0.0,304345.0,13973.4770058,13973.4770058,2022-02-23 18:30:12.837000+00:00
251978,ETH_JPY,RUNNING,2022-02-23T18:30:12.837,37349708.0,304020.0,304361.0,0.2,0.55,4030.2034194,2465.5745233,0.0,0.0,304345.0,13973.4770058,13973.4770058,2022-02-23 18:30:12.837000+00:00
251980,ETH_JPY,RUNNING,2022-02-23T18:30:12.837,37349708.0,304020.0,304361.0,0.2,0.55,4030.2034194,2465.5745233,0.0,0.0,304345.0,13973.4770058,13973.4770058,2022-02-23 18:30:12.837000+00:00
251987,ETH_JPY,RUNNING,2022-02-23T18:30:14.74,37349732.0,304086.0,304370.0,1.62,0.8,4031.1962391,2463.7945233,0.0,0.0,304361.0,13973.4870058,13973.4870058,2022-02-23 18:30:14.740000+00:00
251988,ETH_JPY,RUNNING,2022-02-23T18:30:14.74,37349732.0,304086.0,304370.0,1.62,0.8,4031.1962391,2463.7945233,0.0,0.0,304361.0,13973.4870058,13973.4870058,2022-02-23 18:30:14.740000+00:00
251989,ETH_JPY,RUNNING,2022-02-23T18:30:14.74,37349732.0,304086.0,304370.0,1.62,0.8,4031.1962391,2463.7945233,0.0,0.0,304361.0,13973.4870058,13973.4870058,2022-02-23 18:30:14.740000+00:00
251991,ETH_JPY,RUNNING,2022-02-23T18:30:15.257,37349739.0,304148.0,304452.0,1.59,0.031,4032.7862391,2461.7255233,0.0,0.0,304361.0,13973.4870058,13973.4870058,2022-02-23 18:30:15.257000+00:00
251992,ETH_JPY,RUNNING,2022-02-23T18:30:15.257,37349739.0,304148.0,304452.0,1.59,0.031,4032.7862391,2461.7255233,0.0,0.0,304361.0,13973.4870058,13973.4870058,2022-02-23 18:30:15.257000+00:00
251990,ETH_JPY,RUNNING,2022-02-23T18:30:15.257,37349739.0,304148.0,304452.0,1.59,0.031,4032.7862391,2461.7255233,0.0,0.0,304361.0,13973.4870058,13973.4870058,2022-02-23 18:30:15.257000+00:00
252001,ETH_JPY,RUNNING,2022-02-23T18:30:16.8,37349781.0,304216.0,304471.0,1.63,0.82,4033.959355,2472.5592653,0.0,0.0,304361.0,13973.4870058,13973.4870058,2022-02-23 18:30:16.800000+00:00
251999,ETH_JPY,RUNNING,2022-02-23T18:30:16.8,37349781.0,304216.0,304471.0,1.63,0.82,4033.959355,2472.5592653,0.0,0.0,304361.0,13973.4870058,13973.4870058,2022-02-23 18:30:16.800000+00:00
252000,ETH_JPY,RUNNING,2022-02-23T18:30:16.8,37349781.0,304216.0,304471.0,1.63,0.82,4033.959355,2472.5592653,0.0,0.0,304361.0,13973.4870058,13973.4870058,2022-02-23 18:30:16.800000+00:00
252002,ETH_JPY,RUNNING,2022-02-23T18:30:17.653,37349800.0,304217.0,304471.0,0.2,0.82,4034.2089124,2479.0008396,0.0,0.0,304361.0,13973.4870058,13973.4870058,2022-02-23 18:30:17.653000+00:00
252003,ETH_JPY,RUNNING,2022-02-23T18:30:17.653,37349800.0,304217.0,304471.0,0.2,0.82,4034.2089124,2479.0008396,0.0,0.0,304361.0,13973.4870058,13973.4870058,2022-02-23 18:30:17.653000+00:00
252004,ETH_JPY,RUNNING,2022-02-23T18:30:17.653,37349800.0,304217.0,304471.0,0.2,0.82,4034.2089124,2479.0008396,0.0,0.0,304361.0,13973.4870058,13973.4870058,2022-02-23 18:30:17.653000+00:00
252011,ETH_JPY,RUNNING,2022-02-23T18:30:18.803,37349817.0,304217.0,304532.0,0.2,0.9,4033.6629124,2472.1345233,0.0,0.0,304361.0,13973.4770058,13973.4770058,2022-02-23 18:30:18.803000+00:00
252012,ETH_JPY,RUNNING,2022-02-23T18:30:18.803,37349817.0,304217.0,304532.0,0.2,0.9,4033.6629124,2472.1345233,0.0,0.0,304361.0,13973.4770058,13973.4770058,2022-02-23 18:30:18.803000+00:00
252013,ETH_JPY,RUNNING,2022-02-23T18:30:18.803,37349817.0,304217.0,304532.0,0.2,0.9,4033.6629124,2472.1345233,0.0,0.0,304361.0,13973.4770058,13973.4770058,2022-02-23 18:30:18.803000+00:00
252014,ETH_JPY,RUNNING,2022-02-23T18:30:19.813,37349837.0,304217.0,304532.0,0.2,0.9,4034.4069124,2478.9530316,0.0,0.0,304361.0,13972.9321113,13972.9321113,2022-02-23 18:30:19.813000+00:00
252015,ETH_JPY,RUNNING,2022-02-23T18:30:19.813,37349837.0,304217.0,304532.0,0.2,0.9,4034.4069124,2478.9530316,0.0,0.0,304361.0,13972.9321113,13972.9321113,2022-02-23 18:30:19.813000+00:00
252018,ETH_JPY,RUNNING,2022-02-23T18:30:19.813,37349837.0,304217.0,304532.0,0.2,0.9,4034.4069124,2478.9530316,0.0,0.0,304361.0,13972.9321113,13972.9321113,2022-02-23 18:30:19.813000+00:00
252024,ETH_JPY,RUNNING,2022-02-23T18:30:20.287,37349847.0,304217.0,304532.0,0.2,0.9,4034.466919,2478.9530316,0.0,0.0,304361.0,13972.9221113,13972.9221113,2022-02-23 18:30:20.287000+00:00
252023,ETH_JPY,RUNNING,2022-02-23T18:30:20.287,37349847.0,304217.0,304532.0,0.2,0.9,4034.466919,2478.9530316,0.0,0.0,304361.0,13972.9221113,13972.9221113,2022-02-23 18:30:20.287000+00:00
252025,ETH_JPY,RUNNING,2022-02-23T18:30:20.287,37349847.0,304217.0,304532.0,0.2,0.9,4034.466919,2478.9530316,0.0,0.0,304361.0,13972.9221113,13972.9221113,2022-02-23 18:30:20.287000+00:00
252021,ETH_JPY,RUNNING,2022-02-23T18:30:20.287,37349847.0,304217.0,304532.0,0.2,0.9,4034.466919,2478.9530316,0.0,0.0,304361.0,13972.9221113,13972.9221113,2022-02-23 18:30:20.287000+00:00
252020,ETH_JPY,RUNNING,2022-02-23T18:30:20.287,37349847.0,304217.0,304532.0,0.2,0.9,4034.466919,2478.9530316,0.0,0.0,304361.0,13972.9221113,13972.9221113,2022-02-23 18:30:20.287000+00:00
252022,ETH_JPY,RUNNING,2022-02-23T18:30:20.287,37349847.0,304217.0,304532.0,0.2,0.9,4034.466919,2478.9530316,0.0,0.0,304361.0,13972.9221113,13972.9221113,2022-02-23 18:30:20.287000+00:00
252035,ETH_JPY,RUNNING,2022-02-23T18:30:22.71,37349885.0,304217.0,304454.0,0.55,0.83,4026.7102201,2483.4346252,0.0,0.0,304361.0,13972.9221113,13972.9221113,2022-02-23 18:30:22.710000+00:00
252036,ETH_JPY,RUNNING,2022-02-23T18:30:22.71,37349885.0,304217.0,304454.0,0.55,0.83,4026.7102201,2483.4346252,0.0,0.0,304361.0,13972.9221113,13972.9221113,2022-02-23 18:30:22.710000+00:00
252037,ETH_JPY,RUNNING,2022-02-23T18:30:22.71,37349885.0,304217.0,304454.0,0.55,0.83,4026.7102201,2483.4346252,0.0,0.0,304361.0,13972.9221113,13972.9221113,2022-02-23 18:30:22.710000+00:00
252038,ETH_JPY,RUNNING,2022-02-23T18:30:22.987,37349888.0,304218.0,304454.0,0.2,0.83,4026.7602201,2483.4346252,0.0,0.0,304361.0,13972.9221113,13972.9221113,2022-02-23 18:30:22.987000+00:00
252039,ETH_JPY,RUNNING,2022-02-23T18:30:22.987,37349888.0,304218.0,304454.0,0.2,0.83,4026.7602201,2483.4346252,0.0,0.0,304361.0,13972.9221113,13972.9221113,2022-02-23 18:30:22.987000+00:00
252040,ETH_JPY,RUNNING,2022-02-23T18:30:22.987,37349888.0,304218.0,304454.0,0.2,0.83,4026.7602201,2483.4346252,0.0,0.0,304361.0,13972.9221113,13972.9221113,2022-02-23 18:30:22.987000+00:00
252046,ETH_JPY,RUNNING,2022-02-23T18:30:24.65,37349911.0,304218.0,304454.0,0.2,0.83,4032.7042379,2482.1976359,0.0,0.0,304361.0,13972.9221113,13972.9221113,2022-02-23 18:30:24.650000+00:00
252044,ETH_JPY,RUNNING,2022-02-23T18:30:24.65,37349911.0,304218.0,304454.0,0.2,0.83,4032.7042379,2482.1976359,0.0,0.0,304361.0,13972.9221113,13972.9221113,2022-02-23 18:30:24.650000+00:00
252045,ETH_JPY,RUNNING,2022-02-23T18:30:24.65,37349911.0,304218.0,304454.0,0.2,0.83,4032.7042379,2482.1976359,0.0,0.0,304361.0,13972.9221113,13972.9221113,2022-02-23 18:30:24.650000+00:00
252053,ETH_JPY,RUNNING,2022-02-23T18:30:25.65,37349939.0,304223.0,304449.0,0.01,0.2,4035.333355,2479.3093601,0.0,0.0,304454.0,13972.9321113,13972.9321113,2022-02-23 18:30:25.650000+00:00
252054,ETH_JPY,RUNNING,2022-02-23T18:30:25.65,37349939.0,304223.0,304449.0,0.01,0.2,4035.333355,2479.3093601,0.0,0.0,304454.0,13972.9321113,13972.9321113,2022-02-23 18:30:25.650000+00:00
252055,ETH_JPY,RUNNING,2022-02-23T18:30:25.65,37349939.0,304223.0,304449.0,0.01,0.2,4035.333355,2479.3093601,0.0,0.0,304454.0,13972.9321113,13972.9321113,2022-02-23 18:30:25.650000+00:00
252059,ETH_JPY,RUNNING,2022-02-23T18:30:26.6,37349954.0,304218.0,304448.0,0.197,5.1,4035.320355,2484.404577,0.0,0.0,304218.0,13972.9451113,13972.9451113,2022-02-23 18:30:26.600000+00:00
252060,ETH_JPY,RUNNING,2022-02-23T18:30:26.6,37349954.0,304218.0,304448.0,0.197,5.1,4035.320355,2484.404577,0.0,0.0,304218.0,13972.9451113,13972.9451113,2022-02-23 18:30:26.600000+00:00
252061,ETH_JPY,RUNNING,2022-02-23T18:30:26.6,37349954.0,304218.0,304448.0,0.197,5.1,4035.320355,2484.404577,0.0,0.0,304218.0,13972.9451113,13972.9451113,2022-02-23 18:30:26.600000+00:00
252064,ETH_JPY,RUNNING,2022-02-23T18:30:27.66,37349968.0,304218.0,304449.0,0.197,0.2,4035.270355,2479.2854418,0.0,0.0,304218.0,13972.9451113,13972.9451113,2022-02-23 18:30:27.660000+00:00
252062,ETH_JPY,RUNNING,2022-02-23T18:30:27.66,37349968.0,304218.0,304449.0,0.197,0.2,4035.270355,2479.2854418,0.0,0.0,304218.0,13972.9451113,13972.9451113,2022-02-23 18:30:27.660000+00:00
252063,ETH_JPY,RUNNING,2022-02-23T18:30:27.66,37349968.0,304218.0,304449.0,0.197,0.2,4035.270355,2479.2854418,0.0,0.0,304218.0,13972.9451113,13972.9451113,2022-02-23 18:30:27.660000+00:00
252068,ETH_JPY,RUNNING,2022-02-23T18:30:27.803,37349969.0,304218.0,304449.0,0.197,0.2,4035.320355,2479.2854418,0.0,0.0,304218.0,13972.9451113,13972.9451113,2022-02-23 18:30:27.803000+00:00
252069,ETH_JPY,RUNNING,2022-02-23T18:30:27.803,37349969.0,304218.0,304449.0,0.197,0.2,4035.320355,2479.2854418,0.0,0.0,304218.0,13972.9451113,13972.9451113,2022-02-23 18:30:27.803000+00:00
252070,ETH_JPY,RUNNING,2022-02-23T18:30:27.803,37349969.0,304218.0,304449.0,0.197,0.2,4035.320355,2479.2854418,0.0,0.0,304218.0,13972.9451113,13972.9451113,2022-02-23 18:30:27.803000+00:00
252074,ETH_JPY,RUNNING,2022-02-23T18:30:29.603,37349993.0,304218.0,304449.0,0.197,0.2,4035.6609124,2479.3736569,0.0,0.0,304218.0,13972.9451113,13972.9451113,2022-02-23 18:30:29.603000+00:00
252075,ETH_JPY,RUNNING,2022-02-23T18:30:29.603,37349993.0,304218.0,304449.0,0.197,0.2,4035.6609124,2479.3736569,0.0,0.0,304218.0,13972.9451113,13972.9451113,2022-02-23 18:30:29.603000+00:00
252076,ETH_JPY,RUNNING,2022-02-23T18:30:29.603,37349993.0,304218.0,304449.0,0.197,0.2,4035.6609124,2479.3736569,0.0,0.0,304218.0,13972.9451113,13972.9451113,2022-02-23 18:30:29.603000+00:00
252077,ETH_JPY,RUNNING,2022-02-23T18:30:29.603,37349993.0,304218.0,304449.0,0.197,0.2,4035.6609124,2479.3736569,0.0,0.0,304218.0,13972.9451113,13972.9451113,2022-02-23 18:30:29.603000+00:00
252078,ETH_JPY,RUNNING,2022-02-23T18:30:29.603,37349993.0,304218.0,304449.0,0.197,0.2,4035.6609124,2479.3736569,0.0,0.0,304218.0,13972.9451113,13972.9451113,2022-02-23 18:30:29.603000+00:00
252079,ETH_JPY,RUNNING,2022-02-23T18:30:29.603,37349993.0,304218.0,304449.0,0.197,0.2,4035.6609124,2479.3736569,0.0,0.0,304218.0,13972.9451113,13972.9451113,2022-02-23 18:30:29.603000+00:00
252088,ETH_JPY,RUNNING,2022-02-23T18:30:31.18,37350000.0,304218.0,304449.0,0.197,0.2,4035.6609124,2472.6795233,0.0,0.0,304218.0,13972.9451113,13972.9451113,2022-02-23 18:30:31.180000+00:00
252086,ETH_JPY,RUNNING,2022-02-23T18:30:31.18,37350000.0,304218.0,304449.0,0.197,0.2,4035.6609124,2472.6795233,0.0,0.0,304218.0,13972.9451113,13972.9451113,2022-02-23 18:30:31.180000+00:00
252087,ETH_JPY,RUNNING,2022-02-23T18:30:31.18,37350000.0,304218.0,304449.0,0.197,0.2,4035.6609124,2472.6795233,0.0,0.0,304218.0,13972.9451113,13972.9451113,2022-02-23 18:30:31.180000+00:00
252094,ETH_JPY,RUNNING,2022-02-23T18:30:32.403,37350019.0,304218.0,304505.0,0.55,0.2,4036.0039124,2469.6145233,0.0,0.0,304449.0,13973.1351113,13973.1351113,2022-02-23 18:30:32.403000+00:00
252092,ETH_JPY,RUNNING,2022-02-23T18:30:32.403,37350019.0,304218.0,304505.0,0.55,0.2,4036.0039124,2469.6145233,0.0,0.0,304449.0,13973.1351113,13973.1351113,2022-02-23 18:30:32.403000+00:00
252093,ETH_JPY,RUNNING,2022-02-23T18:30:32.403,37350019.0,304218.0,304505.0,0.55,0.2,4036.0039124,2469.6145233,0.0,0.0,304449.0,13973.1351113,13973.1351113,2022-02-23 18:30:32.403000+00:00
252101,ETH_JPY,RUNNING,2022-02-23T18:30:33.58,37350070.0,304288.0,304645.0,0.2,0.01,4041.8573234,2476.8418797,0.0,0.0,304545.0,13974.7288574,13974.7288574,2022-02-23 18:30:33.580000+00:00
252102,ETH_JPY,RUNNING,2022-02-23T18:30:33.58,37350070.0,304288.0,304645.0,0.2,0.01,4041.8573234,2476.8418797,0.0,0.0,304545.0,13974.7288574,13974.7288574,2022-02-23 18:30:33.580000+00:00
252103,ETH_JPY,RUNNING,2022-02-23T18:30:33.58,37350070.0,304288.0,304645.0,0.2,0.01,4041.8573234,2476.8418797,0.0,0.0,304545.0,13974.7288574,13974.7288574,2022-02-23 18:30:33.580000+00:00
252107,ETH_JPY,RUNNING,2022-02-23T18:30:34.52,37350084.0,304288.0,304598.0,0.2,1.54,4041.5459124,2472.0768797,0.0,0.0,304545.0,13974.7288574,13974.7288574,2022-02-23 18:30:34.520000+00:00
252108,ETH_JPY,RUNNING,2022-02-23T18:30:34.52,37350084.0,304288.0,304598.0,0.2,1.54,4041.5459124,2472.0768797,0.0,0.0,304545.0,13974.7288574,13974.7288574,2022-02-23 18:30:34.520000+00:00
252109,ETH_JPY,RUNNING,2022-02-23T18:30:34.52,37350084.0,304288.0,304598.0,0.2,1.54,4041.5459124,2472.0768797,0.0,0.0,304545.0,13974.7288574,13974.7288574,2022-02-23 18:30:34.520000+00:00
252111,ETH_JPY,RUNNING,2022-02-23T18:30:34.977,37350090.0,304288.0,304598.0,0.2,1.54,4041.6068019,2471.8145233,0.0,0.0,304545.0,13974.7288574,13974.7288574,2022-02-23 18:30:34.977000+00:00
252110,ETH_JPY,RUNNING,2022-02-23T18:30:34.977,37350090.0,304288.0,304598.0,0.2,1.54,4041.6068019,2471.8145233,0.0,0.0,304545.0,13974.7288574,13974.7288574,2022-02-23 18:30:34.977000+00:00
252112,ETH_JPY,RUNNING,2022-02-23T18:30:34.977,37350090.0,304288.0,304598.0,0.2,1.54,4041.6068019,2471.8145233,0.0,0.0,304545.0,13974.7288574,13974.7288574,2022-02-23 18:30:34.977000+00:00
252117,ETH_JPY,RUNNING,2022-02-23T18:30:36.703,37350123.0,304358.0,304645.0,0.2,0.01,4041.0789124,2478.6895233,0.0,0.0,304598.0,13974.7388574,13974.7388574,2022-02-23 18:30:36.703000+00:00
252116,ETH_JPY,RUNNING,2022-02-23T18:30:36.703,37350123.0,304358.0,304645.0,0.2,0.01,4041.0789124,2478.6895233,0.0,0.0,304598.0,13974.7388574,13974.7388574,2022-02-23 18:30:36.703000+00:00
252118,ETH_JPY,RUNNING,2022-02-23T18:30:36.703,37350123.0,304358.0,304645.0,0.2,0.01,4041.0789124,2478.6895233,0.0,0.0,304598.0,13974.7388574,13974.7388574,2022-02-23 18:30:36.703000+00:00
252126,ETH_JPY,RUNNING,2022-02-23T18:30:37.563,37350137.0,304358.0,304644.0,0.2,11.95,4041.0545761,2490.7591171,0.0,0.0,304598.0,13974.7388574,13974.7388574,2022-02-23 18:30:37.563000+00:00
252127,ETH_JPY,RUNNING,2022-02-23T18:30:37.563,37350137.0,304358.0,304644.0,0.2,11.95,4041.0545761,2490.7591171,0.0,0.0,304598.0,13974.7388574,13974.7388574,2022-02-23 18:30:37.563000+00:00
252125,ETH_JPY,RUNNING,2022-02-23T18:30:37.563,37350137.0,304358.0,304644.0,0.2,11.95,4041.0545761,2490.7591171,0.0,0.0,304598.0,13974.7388574,13974.7388574,2022-02-23 18:30:37.563000+00:00
252124,ETH_JPY,RUNNING,2022-02-23T18:30:37.563,37350137.0,304358.0,304644.0,0.2,11.95,4041.0545761,2490.7591171,0.0,0.0,304598.0,13974.7388574,13974.7388574,2022-02-23 18:30:37.563000+00:00
252123,ETH_JPY,RUNNING,2022-02-23T18:30:37.563,37350137.0,304358.0,304644.0,0.2,11.95,4041.0545761,2490.7591171,0.0,0.0,304598.0,13974.7388574,13974.7388574,2022-02-23 18:30:37.563000+00:00
252122,ETH_JPY,RUNNING,2022-02-23T18:30:37.563,37350137.0,304358.0,304644.0,0.2,11.95,4041.0545761,2490.7591171,0.0,0.0,304598.0,13974.7388574,13974.7388574,2022-02-23 18:30:37.563000+00:00
252134,ETH_JPY,RUNNING,2022-02-23T18:30:39.653,37350144.0,304358.0,304644.0,0.2,11.95,4042.0364586,2491.9865343,0.0,0.0,304598.0,13974.7388574,13974.7388574,2022-02-23 18:30:39.653000+00:00
252135,ETH_JPY,RUNNING,2022-02-23T18:30:39.653,37350144.0,304358.0,304644.0,0.2,11.95,4042.0364586,2491.9865343,0.0,0.0,304598.0,13974.7388574,13974.7388574,2022-02-23 18:30:39.653000+00:00
252136,ETH_JPY,RUNNING,2022-02-23T18:30:39.653,37350144.0,304358.0,304644.0,0.2,11.95,4042.0364586,2491.9865343,0.0,0.0,304598.0,13974.7388574,13974.7388574,2022-02-23 18:30:39.653000+00:00
252137,ETH_JPY,RUNNING,2022-02-23T18:30:39.653,37350144.0,304358.0,304644.0,0.2,11.95,4042.0364586,2491.9865343,0.0,0.0,304598.0,13974.7388574,13974.7388574,2022-02-23 18:30:39.653000+00:00
252138,ETH_JPY,RUNNING,2022-02-23T18:30:39.653,37350144.0,304358.0,304644.0,0.2,11.95,4042.0364586,2491.9865343,0.0,0.0,304598.0,13974.7388574,13974.7388574,2022-02-23 18:30:39.653000+00:00
252139,ETH_JPY,RUNNING,2022-02-23T18:30:39.653,37350144.0,304358.0,304644.0,0.2,11.95,4042.0364586,2491.9865343,0.0,0.0,304598.0,13974.7388574,13974.7388574,2022-02-23 18:30:39.653000+00:00
252151,ETH_JPY,RUNNING,2022-02-23T18:30:41.467,37350151.0,304358.0,304644.0,0.2,11.95,4039.8894586,2485.3015343,0.0,0.0,304598.0,13972.6588574,13972.6588574,2022-02-23 18:30:41.467000+00:00
252149,ETH_JPY,RUNNING,2022-02-23T18:30:41.467,37350151.0,304358.0,304644.0,0.2,11.95,4039.8894586,2485.3015343,0.0,0.0,304598.0,13972.6588574,13972.6588574,2022-02-23 18:30:41.467000+00:00
252150,ETH_JPY,RUNNING,2022-02-23T18:30:41.467,37350151.0,304358.0,304644.0,0.2,11.95,4039.8894586,2485.3015343,0.0,0.0,304598.0,13972.6588574,13972.6588574,2022-02-23 18:30:41.467000+00:00
252152,ETH_JPY,RUNNING,2022-02-23T18:30:42.743,37350175.0,304358.0,304642.0,0.2,11.95,4040.0754586,2491.9865343,0.0,0.0,304598.0,13970.0973145,13970.0973145,2022-02-23 18:30:42.743000+00:00
252153,ETH_JPY,RUNNING,2022-02-23T18:30:42.743,37350175.0,304358.0,304642.0,0.2,11.95,4040.0754586,2491.9865343,0.0,0.0,304598.0,13970.0973145,13970.0973145,2022-02-23 18:30:42.743000+00:00
252154,ETH_JPY,RUNNING,2022-02-23T18:30:42.743,37350175.0,304358.0,304642.0,0.2,11.95,4040.0754586,2491.9865343,0.0,0.0,304598.0,13970.0973145,13970.0973145,2022-02-23 18:30:42.743000+00:00
252162,ETH_JPY,RUNNING,2022-02-23T18:30:43.523,37350189.0,304358.0,304641.0,0.2,11.95,4040.6254586,2492.5317502,0.0,0.0,304598.0,13970.0873145,13970.0873145,2022-02-23 18:30:43.523000+00:00
252163,ETH_JPY,RUNNING,2022-02-23T18:30:43.523,37350189.0,304358.0,304641.0,0.2,11.95,4040.6254586,2492.5317502,0.0,0.0,304598.0,13970.0873145,13970.0873145,2022-02-23 18:30:43.523000+00:00
252161,ETH_JPY,RUNNING,2022-02-23T18:30:43.523,37350189.0,304358.0,304641.0,0.2,11.95,4040.6254586,2492.5317502,0.0,0.0,304598.0,13970.0873145,13970.0873145,2022-02-23 18:30:43.523000+00:00
252159,ETH_JPY,RUNNING,2022-02-23T18:30:43.523,37350189.0,304358.0,304641.0,0.2,11.95,4040.6254586,2492.5317502,0.0,0.0,304598.0,13970.0873145,13970.0873145,2022-02-23 18:30:43.523000+00:00
252158,ETH_JPY,RUNNING,2022-02-23T18:30:43.523,37350189.0,304358.0,304641.0,0.2,11.95,4040.6254586,2492.5317502,0.0,0.0,304598.0,13970.0873145,13970.0873145,2022-02-23 18:30:43.523000+00:00
252160,ETH_JPY,RUNNING,2022-02-23T18:30:43.523,37350189.0,304358.0,304641.0,0.2,11.95,4040.6254586,2492.5317502,0.0,0.0,304598.0,13970.0873145,13970.0873145,2022-02-23 18:30:43.523000+00:00
252170,ETH_JPY,RUNNING,2022-02-23T18:30:44.61,37350193.0,304358.0,304641.0,0.2,11.95,4040.5989124,2492.3695233,0.0,0.0,304598.0,13969.7913145,13969.7913145,2022-02-23 18:30:44.610000+00:00
252171,ETH_JPY,RUNNING,2022-02-23T18:30:44.61,37350193.0,304358.0,304641.0,0.2,11.95,4040.5989124,2492.3695233,0.0,0.0,304598.0,13969.7913145,13969.7913145,2022-02-23 18:30:44.610000+00:00
252174,ETH_JPY,RUNNING,2022-02-23T18:30:46.547,37350201.0,304358.0,304642.0,0.2,0.55,4040.654576,2480.5291176,0.0,0.0,304598.0,13968.7713145,13968.7713145,2022-02-23 18:30:46.547000+00:00
252175,ETH_JPY,RUNNING,2022-02-23T18:30:46.547,37350201.0,304358.0,304642.0,0.2,0.55,4040.654576,2480.5291176,0.0,0.0,304598.0,13968.7713145,13968.7713145,2022-02-23 18:30:46.547000+00:00
252180,ETH_JPY,RUNNING,2022-02-23T18:30:47.813,37350231.0,304387.0,304590.0,0.18,1.55,4038.5989124,2495.5585233,0.0,0.0,304642.0,13968.7813145,13968.7813145,2022-02-23 18:30:47.813000+00:00
252181,ETH_JPY,RUNNING,2022-02-23T18:30:47.813,37350231.0,304387.0,304590.0,0.18,1.55,4038.5989124,2495.5585233,0.0,0.0,304642.0,13968.7813145,13968.7813145,2022-02-23 18:30:47.813000+00:00
252182,ETH_JPY,RUNNING,2022-02-23T18:30:48.243,37350246.0,304387.0,304590.0,0.18,1.55,4039.527,2495.7875462,0.0,0.0,304642.0,13968.7813145,13968.7813145,2022-02-23 18:30:48.243000+00:00
252183,ETH_JPY,RUNNING,2022-02-23T18:30:48.243,37350246.0,304387.0,304590.0,0.18,1.55,4039.527,2495.7875462,0.0,0.0,304642.0,13968.7813145,13968.7813145,2022-02-23 18:30:48.243000+00:00
252188,ETH_JPY,RUNNING,2022-02-23T18:30:49.743,37350309.0,304423.0,304669.0,0.2,0.2,4040.273729,2485.4415233,0.0,0.0,304645.0,13968.9913145,13968.9913145,2022-02-23 18:30:49.743000+00:00
252189,ETH_JPY,RUNNING,2022-02-23T18:30:49.743,37350309.0,304423.0,304669.0,0.2,0.2,4040.273729,2485.4415233,0.0,0.0,304645.0,13968.9913145,13968.9913145,2022-02-23 18:30:49.743000+00:00
252195,ETH_JPY,RUNNING,2022-02-23T18:30:50.783,37350320.0,304423.0,304669.0,0.2,0.2,4040.831729,2486.9395233,0.0,0.0,304645.0,13968.9913145,13968.9913145,2022-02-23 18:30:50.783000+00:00
252194,ETH_JPY,RUNNING,2022-02-23T18:30:50.783,37350320.0,304423.0,304669.0,0.2,0.2,4040.831729,2486.9395233,0.0,0.0,304645.0,13968.9913145,13968.9913145,2022-02-23 18:30:50.783000+00:00
252192,ETH_JPY,RUNNING,2022-02-23T18:30:50.783,37350320.0,304423.0,304669.0,0.2,0.2,4040.831729,2486.9395233,0.0,0.0,304645.0,13968.9913145,13968.9913145,2022-02-23 18:30:50.783000+00:00
252193,ETH_JPY,RUNNING,2022-02-23T18:30:50.783,37350320.0,304423.0,304669.0,0.2,0.2,4040.831729,2486.9395233,0.0,0.0,304645.0,13968.9913145,13968.9913145,2022-02-23 18:30:50.783000+00:00
252198,ETH_JPY,RUNNING,2022-02-23T18:30:52.803,37350360.0,304387.0,304610.0,0.18,1.59,4037.870045,2501.7305233,0.0,0.0,304645.0,13968.9913145,13968.9913145,2022-02-23 18:30:52.803000+00:00
252199,ETH_JPY,RUNNING,2022-02-23T18:30:52.803,37350360.0,304387.0,304610.0,0.18,1.59,4037.870045,2501.7305233,0.0,0.0,304645.0,13968.9913145,13968.9913145,2022-02-23 18:30:52.803000+00:00
252202,ETH_JPY,RUNNING,2022-02-23T18:30:53.673,37350381.0,304388.0,304609.0,0.2,11.95,4038.5831964,2502.4523443,0.0,0.0,304645.0,13968.9813145,13968.9813145,2022-02-23 18:30:53.673000+00:00
252203,ETH_JPY,RUNNING,2022-02-23T18:30:53.673,37350381.0,304388.0,304609.0,0.2,11.95,4038.5831964,2502.4523443,0.0,0.0,304645.0,13968.9813145,13968.9813145,2022-02-23 18:30:53.673000+00:00
252206,ETH_JPY,RUNNING,2022-02-23T18:30:54.28,37350390.0,304387.0,304530.0,0.18,1.62,4030.0941964,2505.1623443,0.0,0.0,304645.0,13968.9813145,13968.9813145,2022-02-23 18:30:54.280000+00:00
252207,ETH_JPY,RUNNING,2022-02-23T18:30:54.28,37350390.0,304387.0,304530.0,0.18,1.62,4030.0941964,2505.1623443,0.0,0.0,304645.0,13968.9813145,13968.9813145,2022-02-23 18:30:54.280000+00:00
252212,ETH_JPY,RUNNING,2022-02-23T18:32:49.28,37352250.0,304127.0,304369.0,1.2966514,0.19,4050.3657748,2502.7606328,0.0,0.0,304370.0,13964.5774063,13964.5774063,2022-02-23 18:32:49.280000+00:00
252213,ETH_JPY,RUNNING,2022-02-23T18:32:49.28,37352250.0,304127.0,304369.0,1.2966514,0.19,4050.3657748,2502.7606328,0.0,0.0,304370.0,13964.5774063,13964.5774063,2022-02-23 18:32:49.280000+00:00
252214,ETH_JPY,RUNNING,2022-02-23T18:32:49.88,37352260.0,304127.0,304369.0,1.2966514,0.19,4050.9237748,2503.1326328,0.0,0.0,304370.0,13964.5774063,13964.5774063,2022-02-23 18:32:49.880000+00:00
252215,ETH_JPY,RUNNING,2022-02-23T18:32:49.88,37352260.0,304127.0,304369.0,1.2966514,0.19,4050.9237748,2503.1326328,0.0,0.0,304370.0,13964.5774063,13964.5774063,2022-02-23 18:32:49.880000+00:00
252218,ETH_JPY,RUNNING,2022-02-23T18:32:51.28,37352296.0,304192.0,304426.0,1.59,0.01,4051.9252354,2481.3156516,0.0,0.0,304370.0,13964.5774063,13964.5774063,2022-02-23 18:32:51.280000+00:00
252219,ETH_JPY,RUNNING,2022-02-23T18:32:51.28,37352296.0,304192.0,304426.0,1.59,0.01,4051.9252354,2481.3156516,0.0,0.0,304370.0,13964.5774063,13964.5774063,2022-02-23 18:32:51.280000+00:00
252225,ETH_JPY,RUNNING,2022-02-23T18:32:52.267,37352301.0,304192.0,304426.0,1.59,0.01,4052.0252354,2481.3156516,0.0,0.0,304370.0,13964.5674063,13964.5674063,2022-02-23 18:32:52.267000+00:00
252224,ETH_JPY,RUNNING,2022-02-23T18:32:52.267,37352301.0,304192.0,304426.0,1.59,0.01,4052.0252354,2481.3156516,0.0,0.0,304370.0,13964.5674063,13964.5674063,2022-02-23 18:32:52.267000+00:00
252228,ETH_JPY,RUNNING,2022-02-23T18:32:53.36,37352330.0,304193.0,304426.0,0.2,0.56,4052.4272354,2489.3806516,0.0,0.0,304370.0,13964.5674063,13964.5674063,2022-02-23 18:32:53.360000+00:00
252229,ETH_JPY,RUNNING,2022-02-23T18:32:53.36,37352330.0,304193.0,304426.0,0.2,0.56,4052.4272354,2489.3806516,0.0,0.0,304370.0,13964.5674063,13964.5674063,2022-02-23 18:32:53.360000+00:00
252230,ETH_JPY,RUNNING,2022-02-23T18:32:53.623,37352332.0,304193.0,304426.0,0.2,0.56,4052.3982354,2489.3806516,0.0,0.0,304370.0,13964.5674063,13964.5674063,2022-02-23 18:32:53.623000+00:00
252231,ETH_JPY,RUNNING,2022-02-23T18:32:53.623,37352332.0,304193.0,304426.0,0.2,0.56,4052.3982354,2489.3806516,0.0,0.0,304370.0,13964.5674063,13964.5674063,2022-02-23 18:32:53.623000+00:00
252236,ETH_JPY,RUNNING,2022-02-23T18:32:55.237,37352341.0,304193.0,304426.0,0.2,0.56,4052.4208905,2489.3715233,0.0,0.0,304370.0,13964.5674063,13964.5674063,2022-02-23 18:32:55.237000+00:00
252237,ETH_JPY,RUNNING,2022-02-23T18:32:55.237,37352341.0,304193.0,304426.0,0.2,0.56,4052.4208905,2489.3715233,0.0,0.0,304370.0,13964.5674063,13964.5674063,2022-02-23 18:32:55.237000+00:00
252238,ETH_JPY,RUNNING,2022-02-23T18:32:56.307,37352343.0,304193.0,304426.0,0.2,0.56,4053.5058905,2489.3715233,0.0,0.0,304370.0,13964.5674063,13964.5674063,2022-02-23 18:32:56.307000+00:00
252239,ETH_JPY,RUNNING,2022-02-23T18:32:56.307,37352343.0,304193.0,304426.0,0.2,0.56,4053.5058905,2489.3715233,0.0,0.0,304370.0,13964.5674063,13964.5674063,2022-02-23 18:32:56.307000+00:00
252242,ETH_JPY,RUNNING,2022-02-23T18:32:56.573,37352345.0,304193.0,304426.0,0.2,0.56,4053.5058905,2489.3715233,0.0,0.0,304370.0,13964.5674063,13964.5674063,2022-02-23 18:32:56.573000+00:00
252243,ETH_JPY,RUNNING,2022-02-23T18:32:56.573,37352345.0,304193.0,304426.0,0.2,0.56,4053.5058905,2489.3715233,0.0,0.0,304370.0,13964.5674063,13964.5674063,2022-02-23 18:32:56.573000+00:00
252246,ETH_JPY,RUNNING,2022-02-23T18:32:57.513,37352351.0,304193.0,304426.0,0.2,0.56,4053.5058905,2489.3997919,0.0,0.0,304370.0,13964.5674063,13964.5674063,2022-02-23 18:32:57.513000+00:00
252247,ETH_JPY,RUNNING,2022-02-23T18:32:57.513,37352351.0,304193.0,304426.0,0.2,0.56,4053.5058905,2489.3997919,0.0,0.0,304370.0,13964.5674063,13964.5674063,2022-02-23 18:32:57.513000+00:00
252250,ETH_JPY,RUNNING,2022-02-23T18:32:59.047,37352370.0,304193.0,304426.0,0.2,0.55,4052.4208905,2489.3615233,0.0,0.0,304370.0,13964.5674063,13964.5674063,2022-02-23 18:32:59.047000+00:00
252251,ETH_JPY,RUNNING,2022-02-23T18:32:59.047,37352370.0,304193.0,304426.0,0.2,0.55,4052.4208905,2489.3615233,0.0,0.0,304370.0,13964.5674063,13964.5674063,2022-02-23 18:32:59.047000+00:00
252255,ETH_JPY,RUNNING,2022-02-23T18:32:59.597,37352374.0,304193.0,304426.0,0.2,0.55,4052.4208905,2489.3897921,0.0,0.0,304370.0,13964.5674063,13964.5674063,2022-02-23 18:32:59.597000+00:00
252254,ETH_JPY,RUNNING,2022-02-23T18:32:59.597,37352374.0,304193.0,304426.0,0.2,0.55,4052.4208905,2489.3897921,0.0,0.0,304370.0,13964.5674063,13964.5674063,2022-02-23 18:32:59.597000+00:00
252258,ETH_JPY,RUNNING,2022-02-23T18:33:01.13,37352375.0,304193.0,304426.0,0.2,0.45,4052.4208905,2489.2897921,0.0,0.0,304426.0,13964.6674063,13964.6674063,2022-02-23 18:33:01.130000+00:00
252259,ETH_JPY,RUNNING,2022-02-23T18:33:01.13,37352375.0,304193.0,304426.0,0.2,0.45,4052.4208905,2489.2897921,0.0,0.0,304426.0,13964.6674063,13964.6674063,2022-02-23 18:33:01.130000+00:00
252262,ETH_JPY,RUNNING,2022-02-23T18:33:02.027,37352378.0,304193.0,304426.0,0.2,0.45,4052.4208905,2488.2697921,0.0,0.0,304426.0,13964.6674063,13964.6674063,2022-02-23 18:33:02.027000+00:00
252263,ETH_JPY,RUNNING,2022-02-23T18:33:02.027,37352378.0,304193.0,304426.0,0.2,0.45,4052.4208905,2488.2697921,0.0,0.0,304426.0,13964.6674063,13964.6674063,2022-02-23 18:33:02.027000+00:00
252266,ETH_JPY,RUNNING,2022-02-23T18:33:02.283,37352380.0,304193.0,304426.0,0.2,0.45,4052.4208905,2488.2697921,0.0,0.0,304426.0,13964.6674063,13964.6674063,2022-02-23 18:33:02.283000+00:00
252267,ETH_JPY,RUNNING,2022-02-23T18:33:02.283,37352380.0,304193.0,304426.0,0.2,0.45,4052.4208905,2488.2697921,0.0,0.0,304426.0,13964.6674063,13964.6674063,2022-02-23 18:33:02.283000+00:00
252269,ETH_JPY,RUNNING,2022-02-23T18:33:03.387,37352400.0,304193.0,304426.0,0.55,0.45,4046.8008905,2482.7547921,0.0,0.0,304426.0,13964.6574063,13964.6574063,2022-02-23 18:33:03.387000+00:00
252268,ETH_JPY,RUNNING,2022-02-23T18:33:03.387,37352400.0,304193.0,304426.0,0.55,0.45,4046.8008905,2482.7547921,0.0,0.0,304426.0,13964.6574063,13964.6574063,2022-02-23 18:33:03.387000+00:00
252276,ETH_JPY,RUNNING,2022-02-23T18:33:05.163,37352445.0,304127.0,304375.0,1.2966514,0.19,4050.5590979,2503.2577107,0.0,0.0,304426.0,13964.6574063,13964.6574063,2022-02-23 18:33:05.163000+00:00
252277,ETH_JPY,RUNNING,2022-02-23T18:33:05.163,37352445.0,304127.0,304375.0,1.2966514,0.19,4050.5590979,2503.2577107,0.0,0.0,304426.0,13964.6574063,13964.6574063,2022-02-23 18:33:05.163000+00:00
252280,ETH_JPY,RUNNING,2022-02-23T18:33:06.1,37352457.0,304127.0,304375.0,1.2966514,0.19,4050.5590979,2503.2544812,0.0,0.0,304426.0,13959.6045793,13959.6045793,2022-02-23 18:33:06.100000+00:00
252281,ETH_JPY,RUNNING,2022-02-23T18:33:06.1,37352457.0,304127.0,304375.0,1.2966514,0.19,4050.5590979,2503.2544812,0.0,0.0,304426.0,13959.6045793,13959.6045793,2022-02-23 18:33:06.100000+00:00
252284,ETH_JPY,RUNNING,2022-02-23T18:33:06.613,37352468.0,304127.0,304375.0,1.2966514,0.19,4042.0208905,2503.1683588,0.0,0.0,304426.0,13959.5945793,13959.5945793,2022-02-23 18:33:06.613000+00:00
252285,ETH_JPY,RUNNING,2022-02-23T18:33:06.613,37352468.0,304127.0,304375.0,1.2966514,0.19,4042.0208905,2503.1683588,0.0,0.0,304426.0,13959.5945793,13959.5945793,2022-02-23 18:33:06.613000+00:00
252289,ETH_JPY,RUNNING,2022-02-23T18:33:07.937,37352469.0,304127.0,304375.0,1.2966514,0.19,4041.9588905,2503.1683588,0.0,0.0,304426.0,13959.5945793,13959.5945793,2022-02-23 18:33:07.937000+00:00
252288,ETH_JPY,RUNNING,2022-02-23T18:33:07.937,37352469.0,304127.0,304375.0,1.2966514,0.19,4041.9588905,2503.1683588,0.0,0.0,304426.0,13959.5945793,13959.5945793,2022-02-23 18:33:07.937000+00:00
252286,ETH_JPY,RUNNING,2022-02-23T18:33:07.937,37352469.0,304127.0,304375.0,1.2966514,0.19,4041.9588905,2503.1683588,0.0,0.0,304426.0,13959.5945793,13959.5945793,2022-02-23 18:33:07.937000+00:00
252287,ETH_JPY,RUNNING,2022-02-23T18:33:07.937,37352469.0,304127.0,304375.0,1.2966514,0.19,4041.9588905,2503.1683588,0.0,0.0,304426.0,13959.5945793,13959.5945793,2022-02-23 18:33:07.937000+00:00
252294,ETH_JPY,RUNNING,2022-02-23T18:33:09.807,37352478.0,304127.0,304375.0,1.2966514,0.19,4042.6520978,2503.2544815,0.0,0.0,304426.0,13959.5945793,13959.5945793,2022-02-23 18:33:09.807000+00:00
252295,ETH_JPY,RUNNING,2022-02-23T18:33:09.807,37352478.0,304127.0,304375.0,1.2966514,0.19,4042.6520978,2503.2544815,0.0,0.0,304426.0,13959.5945793,13959.5945793,2022-02-23 18:33:09.807000+00:00
252302,ETH_JPY,RUNNING,2022-02-23T18:33:11.18,37352482.0,304127.0,304375.0,1.2866514,0.19,4042.6420978,2503.2444815,0.0,0.0,304127.0,13959.6045793,13959.6045793,2022-02-23 18:33:11.180000+00:00
252303,ETH_JPY,RUNNING,2022-02-23T18:33:11.18,37352482.0,304127.0,304375.0,1.2866514,0.19,4042.6420978,2503.2444815,0.0,0.0,304127.0,13959.6045793,13959.6045793,2022-02-23 18:33:11.180000+00:00
252304,ETH_JPY,RUNNING,2022-02-23T18:33:11.687,37352486.0,304127.0,304375.0,1.2866514,0.19,4035.9570978,2496.5594815,0.0,0.0,304127.0,13959.6045793,13959.6045793,2022-02-23 18:33:11.687000+00:00
252305,ETH_JPY,RUNNING,2022-02-23T18:33:11.687,37352486.0,304127.0,304375.0,1.2866514,0.19,4035.9570978,2496.5594815,0.0,0.0,304127.0,13959.6045793,13959.6045793,2022-02-23 18:33:11.687000+00:00
252308,ETH_JPY,RUNNING,2022-02-23T18:33:13.283,37352507.0,304143.0,304375.0,0.2,0.55,4050.8369958,2491.6166336,0.0,0.0,304127.0,13959.6045793,13959.6045793,2022-02-23 18:33:13.283000+00:00
252309,ETH_JPY,RUNNING,2022-02-23T18:33:13.283,37352507.0,304143.0,304375.0,0.2,0.55,4050.8369958,2491.6166336,0.0,0.0,304127.0,13959.6045793,13959.6045793,2022-02-23 18:33:13.283000+00:00
252310,ETH_JPY,RUNNING,2022-02-23T18:33:13.93,37352516.0,304143.0,304375.0,0.2,0.55,4050.7769958,2502.3666336,0.0,0.0,304127.0,13959.5945793,13959.5945793,2022-02-23 18:33:13.930000+00:00
252312,ETH_JPY,RUNNING,2022-02-23T18:33:13.93,37352516.0,304143.0,304375.0,0.2,0.55,4050.7769958,2502.3666336,0.0,0.0,304127.0,13959.5945793,13959.5945793,2022-02-23 18:33:13.930000+00:00
252315,ETH_JPY,RUNNING,2022-02-23T18:33:15.187,37352540.0,304187.0,304426.0,1.54,1.14,4052.3665542,2481.0733608,0.0,0.0,304127.0,13959.5945793,13959.5945793,2022-02-23 18:33:15.187000+00:00
252314,ETH_JPY,RUNNING,2022-02-23T18:33:15.187,37352540.0,304187.0,304426.0,1.54,1.14,4052.3665542,2481.0733608,0.0,0.0,304127.0,13959.5945793,13959.5945793,2022-02-23 18:33:15.187000+00:00
252319,ETH_JPY,RUNNING,2022-02-23T18:33:15.773,37352555.0,304189.0,304455.0,0.06,0.49,4053.1358905,2479.9190079,0.0,0.0,304127.0,13959.5945793,13959.5945793,2022-02-23 18:33:15.773000+00:00
252318,ETH_JPY,RUNNING,2022-02-23T18:33:15.773,37352555.0,304189.0,304455.0,0.06,0.49,4053.1358905,2479.9190079,0.0,0.0,304127.0,13959.5945793,13959.5945793,2022-02-23 18:33:15.773000+00:00
252324,ETH_JPY,RUNNING,2022-02-23T18:33:17.25,37352566.0,304188.0,304455.0,0.2,0.49,4053.1358905,2486.6040079,0.0,0.0,304127.0,13959.5945793,13959.5945793,2022-02-23 18:33:17.250000+00:00
252325,ETH_JPY,RUNNING,2022-02-23T18:33:17.25,37352566.0,304188.0,304455.0,0.2,0.49,4053.1358905,2486.6040079,0.0,0.0,304127.0,13959.5945793,13959.5945793,2022-02-23 18:33:17.250000+00:00
252328,ETH_JPY,RUNNING,2022-02-23T18:33:18.24,37352574.0,304188.0,304455.0,0.2,0.49,4053.1758905,2486.6040079,0.0,0.0,304127.0,13959.5945793,13959.5945793,2022-02-23 18:33:18.240000+00:00
252329,ETH_JPY,RUNNING,2022-02-23T18:33:18.24,37352574.0,304188.0,304455.0,0.2,0.49,4053.1758905,2486.6040079,0.0,0.0,304127.0,13959.5945793,13959.5945793,2022-02-23 18:33:18.240000+00:00
252330,ETH_JPY,RUNNING,2022-02-23T18:33:18.24,37352574.0,304188.0,304455.0,0.2,0.49,4053.1758905,2486.6040079,0.0,0.0,304127.0,13959.5945793,13959.5945793,2022-02-23 18:33:18.240000+00:00
252331,ETH_JPY,RUNNING,2022-02-23T18:33:18.24,37352574.0,304188.0,304455.0,0.2,0.49,4053.1758905,2486.6040079,0.0,0.0,304127.0,13959.5945793,13959.5945793,2022-02-23 18:33:18.240000+00:00
252334,ETH_JPY,RUNNING,2022-02-23T18:33:19.73,37352602.0,304188.0,304455.0,0.2,0.49,4052.4318905,2499.6305233,0.0,0.0,304127.0,13959.5945793,13959.5945793,2022-02-23 18:33:19.730000+00:00
252335,ETH_JPY,RUNNING,2022-02-23T18:33:19.73,37352602.0,304188.0,304455.0,0.2,0.49,4052.4318905,2499.6305233,0.0,0.0,304127.0,13959.5945793,13959.5945793,2022-02-23 18:33:19.730000+00:00
252338,ETH_JPY,RUNNING,2022-02-23T18:33:20.113,37352605.0,304188.0,304455.0,0.2,0.49,4052.4418971,2499.6305233,0.0,0.0,304127.0,13959.5945793,13959.5945793,2022-02-23 18:33:20.113000+00:00
252339,ETH_JPY,RUNNING,2022-02-23T18:33:20.113,37352605.0,304188.0,304455.0,0.2,0.49,4052.4418971,2499.6305233,0.0,0.0,304127.0,13959.5945793,13959.5945793,2022-02-23 18:33:20.113000+00:00
252342,ETH_JPY,RUNNING,2022-02-23T18:33:21.4,37352608.0,304188.0,304455.0,0.2,0.48,4052.4418971,2499.6205233,0.0,0.0,304455.0,13959.6045793,13959.6045793,2022-02-23 18:33:21.400000+00:00
252343,ETH_JPY,RUNNING,2022-02-23T18:33:21.4,37352608.0,304188.0,304455.0,0.2,0.48,4052.4418971,2499.6205233,0.0,0.0,304455.0,13959.6045793,13959.6045793,2022-02-23 18:33:21.400000+00:00
252348,ETH_JPY,RUNNING,2022-02-23T18:33:23.287,37352621.0,304188.0,304455.0,0.55,1.03,4052.6888905,2500.1705233,0.0,0.0,304455.0,13959.6045793,13959.6045793,2022-02-23 18:33:23.287000+00:00
252349,ETH_JPY,RUNNING,2022-02-23T18:33:23.287,37352621.0,304188.0,304455.0,0.55,1.03,4052.6888905,2500.1705233,0.0,0.0,304455.0,13959.6045793,13959.6045793,2022-02-23 18:33:23.287000+00:00
252351,ETH_JPY,RUNNING,2022-02-23T18:33:23.76,37352632.0,304188.0,304455.0,0.55,1.03,4053.227098,2500.2849126,0.0,0.0,304455.0,13959.6045793,13959.6045793,2022-02-23 18:33:23.760000+00:00
252350,ETH_JPY,RUNNING,2022-02-23T18:33:23.76,37352632.0,304188.0,304455.0,0.55,1.03,4053.227098,2500.2849126,0.0,0.0,304455.0,13959.6045793,13959.6045793,2022-02-23 18:33:23.760000+00:00
252356,ETH_JPY,RUNNING,2022-02-23T18:33:25.21,37352645.0,304188.0,304455.0,0.55,1.03,4053.307098,2488.3449126,0.0,0.0,304455.0,13959.5945793,13959.5945793,2022-02-23 18:33:25.210000+00:00
252357,ETH_JPY,RUNNING,2022-02-23T18:33:25.21,37352645.0,304188.0,304455.0,0.55,1.03,4053.307098,2488.3449126,0.0,0.0,304455.0,13959.5945793,13959.5945793,2022-02-23 18:33:25.210000+00:00
252358,ETH_JPY,RUNNING,2022-02-23T18:33:25.21,37352645.0,304188.0,304455.0,0.55,1.03,4053.307098,2488.3449126,0.0,0.0,304455.0,13959.5945793,13959.5945793,2022-02-23 18:33:25.210000+00:00
252359,ETH_JPY,RUNNING,2022-02-23T18:33:25.21,37352645.0,304188.0,304455.0,0.55,1.03,4053.307098,2488.3449126,0.0,0.0,304455.0,13959.5945793,13959.5945793,2022-02-23 18:33:25.210000+00:00
252362,ETH_JPY,RUNNING,2022-02-23T18:33:26.8,37352653.0,304188.0,304455.0,0.55,1.03,4053.2648905,2488.2827087,0.0,0.0,304455.0,13959.5945793,13959.5945793,2022-02-23 18:33:26.800000+00:00
252363,ETH_JPY,RUNNING,2022-02-23T18:33:26.8,37352653.0,304188.0,304455.0,0.55,1.03,4053.2648905,2488.2827087,0.0,0.0,304455.0,13959.5945793,13959.5945793,2022-02-23 18:33:26.800000+00:00
252366,ETH_JPY,RUNNING,2022-02-23T18:33:27.457,37352657.0,304188.0,304455.0,0.55,1.03,4046.5798905,2481.5977087,0.0,0.0,304455.0,13959.5945793,13959.5945793,2022-02-23 18:33:27.457000+00:00
252367,ETH_JPY,RUNNING,2022-02-23T18:33:27.457,37352657.0,304188.0,304455.0,0.55,1.03,4046.5798905,2481.5977087,0.0,0.0,304455.0,13959.5945793,13959.5945793,2022-02-23 18:33:27.457000+00:00
252370,ETH_JPY,RUNNING,2022-02-23T18:33:29.283,37352678.0,304188.0,304455.0,0.55,1.03,4053.210554,2488.3640373,0.0,0.0,304455.0,13959.5945793,13959.5945793,2022-02-23 18:33:29.283000+00:00
252371,ETH_JPY,RUNNING,2022-02-23T18:33:29.283,37352678.0,304188.0,304455.0,0.55,1.03,4053.210554,2488.3640373,0.0,0.0,304455.0,13959.5945793,13959.5945793,2022-02-23 18:33:29.283000+00:00
252374,ETH_JPY,RUNNING,2022-02-23T18:33:30.157,37352693.0,304142.0,304423.0,0.55,1.11,4050.6816572,2502.242379,0.0,0.0,304455.0,13959.5945793,13959.5945793,2022-02-23 18:33:30.157000+00:00
252375,ETH_JPY,RUNNING,2022-02-23T18:33:30.157,37352693.0,304142.0,304423.0,0.55,1.11,4050.6816572,2502.242379,0.0,0.0,304455.0,13959.5945793,13959.5945793,2022-02-23 18:33:30.157000+00:00
252378,ETH_JPY,RUNNING,2022-02-23T18:33:30.557,37352703.0,304142.0,304422.0,0.55,0.19,4050.7234177,2490.5689517,0.0,0.0,304455.0,13959.5945793,13959.5945793,2022-02-23 18:33:30.557000+00:00
252379,ETH_JPY,RUNNING,2022-02-23T18:33:30.557,37352703.0,304142.0,304422.0,0.55,0.19,4050.7234177,2490.5689517,0.0,0.0,304455.0,13959.5945793,13959.5945793,2022-02-23 18:33:30.557000+00:00
252384,ETH_JPY,RUNNING,2022-02-23T18:33:32.257,37352726.0,304142.0,304388.0,0.54,0.54,4050.8003331,2502.9293223,0.0,0.0,304151.0,13959.6145793,13959.6145793,2022-02-23 18:33:32.257000+00:00
252385,ETH_JPY,RUNNING,2022-02-23T18:33:32.257,37352726.0,304142.0,304388.0,0.54,0.54,4050.8003331,2502.9293223,0.0,0.0,304151.0,13959.6145793,13959.6145793,2022-02-23 18:33:32.257000+00:00
252387,ETH_JPY,RUNNING,2022-02-23T18:33:32.533,37352730.0,304142.0,304339.0,0.54,0.55,4050.8603331,2491.438865,0.0,0.0,304151.0,13959.6145793,13959.6145793,2022-02-23 18:33:32.533000+00:00
252386,ETH_JPY,RUNNING,2022-02-23T18:33:32.533,37352730.0,304142.0,304339.0,0.54,0.55,4050.8603331,2491.438865,0.0,0.0,304151.0,13959.6145793,13959.6145793,2022-02-23 18:33:32.533000+00:00
252398,ETH_JPY,RUNNING,2022-02-23T18:33:34.33,37352763.0,304184.0,304454.0,1.65,0.19,4053.2918905,2488.1575633,0.0,0.0,304151.0,13959.6145793,13959.6145793,2022-02-23 18:33:34.330000+00:00
252397,ETH_JPY,RUNNING,2022-02-23T18:33:34.33,37352763.0,304184.0,304454.0,1.65,0.19,4053.2918905,2488.1575633,0.0,0.0,304151.0,13959.6145793,13959.6145793,2022-02-23 18:33:34.330000+00:00
252399,ETH_JPY,RUNNING,2022-02-23T18:33:34.33,37352763.0,304184.0,304454.0,1.65,0.19,4053.2918905,2488.1575633,0.0,0.0,304151.0,13959.6145793,13959.6145793,2022-02-23 18:33:34.330000+00:00
252396,ETH_JPY,RUNNING,2022-02-23T18:33:34.33,37352763.0,304184.0,304454.0,1.65,0.19,4053.2918905,2488.1575633,0.0,0.0,304151.0,13959.6145793,13959.6145793,2022-02-23 18:33:34.330000+00:00
252395,ETH_JPY,RUNNING,2022-02-23T18:33:34.33,37352763.0,304184.0,304454.0,1.65,0.19,4053.2918905,2488.1575633,0.0,0.0,304151.0,13959.6145793,13959.6145793,2022-02-23 18:33:34.330000+00:00
252394,ETH_JPY,RUNNING,2022-02-23T18:33:34.33,37352763.0,304184.0,304454.0,1.65,0.19,4053.2918905,2488.1575633,0.0,0.0,304151.0,13959.6145793,13959.6145793,2022-02-23 18:33:34.330000+00:00
252393,ETH_JPY,RUNNING,2022-02-23T18:33:34.33,37352763.0,304184.0,304454.0,1.65,0.19,4053.2918905,2488.1575633,0.0,0.0,304151.0,13959.6145793,13959.6145793,2022-02-23 18:33:34.330000+00:00
252392,ETH_JPY,RUNNING,2022-02-23T18:33:34.33,37352763.0,304184.0,304454.0,1.65,0.19,4053.2918905,2488.1575633,0.0,0.0,304151.0,13959.6145793,13959.6145793,2022-02-23 18:33:34.330000+00:00
252406,ETH_JPY,RUNNING,2022-02-23T18:33:37.557,37352775.0,304184.0,304454.0,1.65,0.19,4053.2918905,2488.1265633,0.0,0.0,304151.0,13959.6045793,13959.6045793,2022-02-23 18:33:37.557000+00:00
252407,ETH_JPY,RUNNING,2022-02-23T18:33:37.557,37352775.0,304184.0,304454.0,1.65,0.19,4053.2918905,2488.1265633,0.0,0.0,304151.0,13959.6045793,13959.6045793,2022-02-23 18:33:37.557000+00:00
252412,ETH_JPY,RUNNING,2022-02-23T18:33:39.407,37352804.0,304142.0,304427.0,0.54,0.19,4051.3648905,2502.247865,0.0,0.0,304151.0,13959.6045793,13959.6045793,2022-02-23 18:33:39.407000+00:00
252413,ETH_JPY,RUNNING,2022-02-23T18:33:39.407,37352804.0,304142.0,304427.0,0.54,0.19,4051.3648905,2502.247865,0.0,0.0,304151.0,13959.6045793,13959.6045793,2022-02-23 18:33:39.407000+00:00
252414,ETH_JPY,RUNNING,2022-02-23T18:33:39.517,37352806.0,304142.0,304427.0,0.54,0.19,4051.3648905,2502.247865,0.0,0.0,304151.0,13959.6045793,13959.6045793,2022-02-23 18:33:39.517000+00:00
252415,ETH_JPY,RUNNING,2022-02-23T18:33:39.517,37352806.0,304142.0,304427.0,0.54,0.19,4051.3648905,2502.247865,0.0,0.0,304151.0,13959.6045793,13959.6045793,2022-02-23 18:33:39.517000+00:00
252417,ETH_JPY,RUNNING,2022-02-23T18:33:40.23,37352812.0,304142.0,304427.0,0.54,0.19,4051.3648905,2502.247865,0.0,0.0,304151.0,13959.6045793,13959.6045793,2022-02-23 18:33:40.230000+00:00
252418,ETH_JPY,RUNNING,2022-02-23T18:33:40.23,37352812.0,304142.0,304427.0,0.54,0.19,4051.3648905,2502.247865,0.0,0.0,304151.0,13959.6045793,13959.6045793,2022-02-23 18:33:40.230000+00:00
252424,ETH_JPY,RUNNING,2022-02-23T18:33:42.293,37352826.0,304142.0,304427.0,0.54,0.19,4051.1168905,2483.653865,0.0,0.0,304151.0,13959.6045793,13959.6045793,2022-02-23 18:33:42.293000+00:00
252425,ETH_JPY,RUNNING,2022-02-23T18:33:42.293,37352826.0,304142.0,304427.0,0.54,0.19,4051.1168905,2483.653865,0.0,0.0,304151.0,13959.6045793,13959.6045793,2022-02-23 18:33:42.293000+00:00
252426,ETH_JPY,RUNNING,2022-02-23T18:33:42.817,37352837.0,304142.0,304393.0,0.54,0.52,4044.4318905,2496.963865,0.0,0.0,304151.0,13959.6045793,13959.6045793,2022-02-23 18:33:42.817000+00:00
252427,ETH_JPY,RUNNING,2022-02-23T18:33:42.817,37352837.0,304142.0,304393.0,0.54,0.52,4044.4318905,2496.963865,0.0,0.0,304151.0,13959.6045793,13959.6045793,2022-02-23 18:33:42.817000+00:00
252431,ETH_JPY,RUNNING,2022-02-23T18:33:43.937,37352862.0,304142.0,304365.0,0.54,0.19,4051.2747582,2505.408865,0.0,0.0,304151.0,13959.6045793,13959.6045793,2022-02-23 18:33:43.937000+00:00
252430,ETH_JPY,RUNNING,2022-02-23T18:33:43.937,37352862.0,304142.0,304365.0,0.54,0.19,4051.2747582,2505.408865,0.0,0.0,304151.0,13959.6045793,13959.6045793,2022-02-23 18:33:43.937000+00:00
252434,ETH_JPY,RUNNING,2022-02-23T18:33:44.663,37352874.0,304142.0,304365.0,0.53,0.19,4051.1047582,2505.5141208,0.0,0.0,304142.0,13959.6145793,13959.6145793,2022-02-23 18:33:44.663000+00:00
252435,ETH_JPY,RUNNING,2022-02-23T18:33:44.663,37352874.0,304142.0,304365.0,0.53,0.19,4051.1047582,2505.5141208,0.0,0.0,304142.0,13959.6145793,13959.6145793,2022-02-23 18:33:44.663000+00:00
252438,ETH_JPY,RUNNING,2022-02-23T18:33:46.31,37352911.0,304123.0,304304.0,0.15,1.06,4040.6292391,2507.067865,0.0,0.0,304142.0,13959.6045793,13959.6045793,2022-02-23 18:33:46.310000+00:00
252439,ETH_JPY,RUNNING,2022-02-23T18:33:46.31,37352911.0,304123.0,304304.0,0.15,1.06,4040.6292391,2507.067865,0.0,0.0,304142.0,13959.6045793,13959.6045793,2022-02-23 18:33:46.310000+00:00
252442,ETH_JPY,RUNNING,2022-02-23T18:33:46.977,37352932.0,304123.0,304303.0,0.15,0.19,4035.6192391,2507.0318423,0.0,0.0,304142.0,13959.6045793,13959.6045793,2022-02-23 18:33:46.977000+00:00
252443,ETH_JPY,RUNNING,2022-02-23T18:33:46.977,37352932.0,304123.0,304303.0,0.15,0.19,4035.6192391,2507.0318423,0.0,0.0,304142.0,13959.6045793,13959.6045793,2022-02-23 18:33:46.977000+00:00
252449,ETH_JPY,RUNNING,2022-02-23T18:33:47.74,37352962.0,304054.0,304231.0,0.21,1.07,4040.1922391,2512.4098423,0.0,0.0,304067.0,13960.1545793,13960.1545793,2022-02-23 18:33:47.740000+00:00
252448,ETH_JPY,RUNNING,2022-02-23T18:33:47.74,37352962.0,304054.0,304231.0,0.21,1.07,4040.1922391,2512.4098423,0.0,0.0,304067.0,13960.1545793,13960.1545793,2022-02-23 18:33:47.740000+00:00
252450,ETH_JPY,RUNNING,2022-02-23T18:33:47.967,37352974.0,304054.0,304058.0,0.21,0.7123667,4038.4002391,2510.512298,0.0,0.0,304067.0,13960.1545793,13960.1545793,2022-02-23 18:33:47.967000+00:00
252451,ETH_JPY,RUNNING,2022-02-23T18:33:47.967,37352974.0,304054.0,304058.0,0.21,0.7123667,4038.4002391,2510.512298,0.0,0.0,304067.0,13960.1545793,13960.1545793,2022-02-23 18:33:47.967000+00:00
252454,ETH_JPY,RUNNING,2022-02-23T18:33:50.01,37353010.0,304054.0,304167.0,0.21,1.61,4047.9097989,2507.5882189,0.0,0.0,304067.0,13960.1545793,13960.1545793,2022-02-23 18:33:50.010000+00:00
252455,ETH_JPY,RUNNING,2022-02-23T18:33:50.01,37353010.0,304054.0,304167.0,0.21,1.61,4047.9097989,2507.5882189,0.0,0.0,304067.0,13960.1545793,13960.1545793,2022-02-23 18:33:50.010000+00:00
252456,ETH_JPY,RUNNING,2022-02-23T18:33:50.547,37353016.0,304054.0,304167.0,0.21,1.61,4047.8784899,2507.5595022,0.0,0.0,304067.0,13960.1545793,13960.1545793,2022-02-23 18:33:50.547000+00:00
252457,ETH_JPY,RUNNING,2022-02-23T18:33:50.547,37353016.0,304054.0,304167.0,0.21,1.61,4047.8784899,2507.5595022,0.0,0.0,304067.0,13960.1545793,13960.1545793,2022-02-23 18:33:50.547000+00:00
252463,ETH_JPY,RUNNING,2022-02-23T18:33:52.16,37353042.0,304000.0,304166.0,0.1,5.95,4039.9088489,2499.1652292,0.0,0.0,304041.0,13961.3645793,13961.3645793,2022-02-23 18:33:52.160000+00:00
252462,ETH_JPY,RUNNING,2022-02-23T18:33:52.16,37353042.0,304000.0,304166.0,0.1,5.95,4039.9088489,2499.1652292,0.0,0.0,304041.0,13961.3645793,13961.3645793,2022-02-23 18:33:52.160000+00:00
252468,ETH_JPY,RUNNING,2022-02-23T18:33:52.823,37353055.0,304000.0,304165.0,0.1,0.19,4040.1168613,2511.079865,0.0,0.0,304041.0,13961.3645793,13961.3645793,2022-02-23 18:33:52.823000+00:00
252467,ETH_JPY,RUNNING,2022-02-23T18:33:52.823,37353055.0,304000.0,304165.0,0.1,0.19,4040.1168613,2511.079865,0.0,0.0,304041.0,13961.3645793,13961.3645793,2022-02-23 18:33:52.823000+00:00
252472,ETH_JPY,RUNNING,2022-02-23T18:33:53.947,37353076.0,304000.0,304165.0,0.1,0.19,4047.0179941,2499.2834182,0.0,0.0,304041.0,13961.3645793,13961.3645793,2022-02-23 18:33:53.947000+00:00
252473,ETH_JPY,RUNNING,2022-02-23T18:33:53.947,37353076.0,304000.0,304165.0,0.1,0.19,4047.0179941,2499.2834182,0.0,0.0,304041.0,13961.3645793,13961.3645793,2022-02-23 18:33:53.947000+00:00
252474,ETH_JPY,RUNNING,2022-02-23T18:33:55.18,37353096.0,304000.0,304165.0,0.1,0.18,4047.2279941,2511.2134182,0.0,0.0,304165.0,13961.3745793,13961.3745793,2022-02-23 18:33:55.180000+00:00
252475,ETH_JPY,RUNNING,2022-02-23T18:33:55.18,37353096.0,304000.0,304165.0,0.1,0.18,4047.2279941,2511.2134182,0.0,0.0,304165.0,13961.3745793,13961.3745793,2022-02-23 18:33:55.180000+00:00
252478,ETH_JPY,RUNNING,2022-02-23T18:33:55.977,37353112.0,304000.0,304165.0,0.1,0.18,4047.3062721,2513.1407636,0.0,0.0,304165.0,13961.3745793,13961.3745793,2022-02-23 18:33:55.977000+00:00
252479,ETH_JPY,RUNNING,2022-02-23T18:33:55.977,37353112.0,304000.0,304165.0,0.1,0.18,4047.3062721,2513.1407636,0.0,0.0,304165.0,13961.3745793,13961.3745793,2022-02-23 18:33:55.977000+00:00
252482,ETH_JPY,RUNNING,2022-02-23T18:33:56.487,37353118.0,304000.0,304165.0,0.1,0.18,4047.3062721,2500.0207636,0.0,0.0,304165.0,13961.3645793,13961.3645793,2022-02-23 18:33:56.487000+00:00
252483,ETH_JPY,RUNNING,2022-02-23T18:33:56.487,37353118.0,304000.0,304165.0,0.1,0.18,4047.3062721,2500.0207636,0.0,0.0,304165.0,13961.3645793,13961.3645793,2022-02-23 18:33:56.487000+00:00
252488,ETH_JPY,RUNNING,2022-02-23T18:33:58.24,37353160.0,304000.0,304165.0,0.1,0.18,4040.0382285,2511.9272039,0.0,0.0,304165.0,13961.3645793,13961.3645793,2022-02-23 18:33:58.240000+00:00
252489,ETH_JPY,RUNNING,2022-02-23T18:33:58.24,37353160.0,304000.0,304165.0,0.1,0.18,4040.0382285,2511.9272039,0.0,0.0,304165.0,13961.3645793,13961.3645793,2022-02-23 18:33:58.240000+00:00
252490,ETH_JPY,RUNNING,2022-02-23T18:33:59.28,37353176.0,304000.0,304165.0,0.1,0.18,4046.8542285,2500.0733574,0.0,0.0,304165.0,13961.3645793,13961.3645793,2022-02-23 18:33:59.280000+00:00
252491,ETH_JPY,RUNNING,2022-02-23T18:33:59.28,37353176.0,304000.0,304165.0,0.1,0.18,4046.8542285,2500.0733574,0.0,0.0,304165.0,13961.3645793,13961.3645793,2022-02-23 18:33:59.280000+00:00
252492,ETH_JPY,RUNNING,2022-02-23T18:33:59.42,37353178.0,304000.0,304165.0,0.1,0.18,4046.8542285,2500.0733574,0.0,0.0,304165.0,13961.3645793,13961.3645793,2022-02-23 18:33:59.420000+00:00
252493,ETH_JPY,RUNNING,2022-02-23T18:33:59.42,37353178.0,304000.0,304165.0,0.1,0.18,4046.8542285,2500.0733574,0.0,0.0,304165.0,13961.3645793,13961.3645793,2022-02-23 18:33:59.420000+00:00
252499,ETH_JPY,RUNNING,2022-02-23T18:34:00.643,37353219.0,303900.0,304095.0,0.1,6.08,4040.1274965,2511.879865,0.0,0.0,303942.0,13961.4945793,13961.4945793,2022-02-23 18:34:00.643000+00:00
252498,ETH_JPY,RUNNING,2022-02-23T18:34:00.643,37353219.0,303900.0,304095.0,0.1,6.08,4040.1274965,2511.879865,0.0,0.0,303942.0,13961.4945793,13961.4945793,2022-02-23 18:34:00.643000+00:00
252502,ETH_JPY,RUNNING,2022-02-23T18:34:01.667,37353239.0,303900.0,304094.0,0.1,0.18,4046.5297265,2512.047849,0.0,0.0,304095.0,13961.5945793,13961.5945793,2022-02-23 18:34:01.667000+00:00
252503,ETH_JPY,RUNNING,2022-02-23T18:34:01.667,37353239.0,303900.0,304094.0,0.1,0.18,4046.5297265,2512.047849,0.0,0.0,304095.0,13961.5945793,13961.5945793,2022-02-23 18:34:01.667000+00:00
252504,ETH_JPY,RUNNING,2022-02-23T18:34:02.22,37353247.0,303900.0,304094.0,0.1,0.18,4046.6719194,2512.047849,0.0,0.0,304095.0,13961.5945793,13961.5945793,2022-02-23 18:34:02.220000+00:00
252505,ETH_JPY,RUNNING,2022-02-23T18:34:02.22,37353247.0,303900.0,304094.0,0.1,0.18,4046.6719194,2512.047849,0.0,0.0,304095.0,13961.5945793,13961.5945793,2022-02-23 18:34:02.220000+00:00
252510,ETH_JPY,RUNNING,2022-02-23T18:34:04.163,37353275.0,303900.0,304093.0,0.1,0.18,4040.4632301,2493.8436238,0.0,0.0,304095.0,13961.5945793,13961.5945793,2022-02-23 18:34:04.163000+00:00
